3322 5190
747 786 827 843 vnn
844 791 933 844 a-11
1272 787 1340 853 403

322 948 510 1016 bideunes
546 949 689 1034 primum
725 948 831 1016 dietae
861 951 938 1016 suut
970 949 1064 1036 qussi
1096 949 1268 1033 biennes,
1306 952 1340 1016 et

321 1037 420 1126 longo
444 1060 504 1104 usu
527 1037 681 1125 loquendi
705 1041 858 1124 corrupte
880 1040 932 1105 est
954 1060 1020 1104 uox
1043 1061 1083 1104 ex
1101 1037 1337 1105 bidennibus

320 1127 354 1194 in
387 1126 578 1232 bidentes.
624 1126 790 1232 iiruluvs
817 1131 943 1212 temen,
974 1128 1030 1215 qni
1057 1127 1108 1193 ius
1136 1129 1337 1214 pontificium

293 1219 1154 1395 .irritetrr„rttrprrf‘rrvrrrir
1169 1217 1338 1387 itit}

320 1416 417 1482 quae
447 1417 515 1481 per
546 1397 713 1461 aetatem
741 1395 835 1461 duos
863 1395 999 1461 dentes
1028 1396 1192 1462 altiores
1221 1395 1338 1461 habe·

319 1487 418 1562 rent,
451 1505 518 1569 per
550 1505 645 1568 qnos
679 1507 721 1550 ex
754 1485 901 1551 minore
928 1485 967 1549 in
997 1483 1179 1550 maiorem
1206 1487 1336 1550 trans-

319 1572 497 1638 condisse
520 1574 724 1639 constaret
748 1571 937 1638 aetatem?

408 1659 531 1725 Iterum
555 1661 685 1745 quaerit
709 1661 854 1726 Auienus
876 1661 910 1725 in
932 1660 987 1725 his
1010 1661 1159 1726 uersibus
1346 1669 1367 1732 8

281 1813 308 1855 ιο
365 1782 459 1848 irena
480 1782 682 1849 Pelethronii
705 1782 865 1868 Lapithae
889 1803 1051 1868 gyrosque
1074 1781 1189 1848 dedere

365 1872 512 1957 impositi
537 1871 634 1939 dorso
659 1877 756 1959 atque
779 1872 922 1958 equitem
946 1870 1083 1937 docuere
1107 1872 1168 1937 snb
1192 1872 1292 1938 armis

364 1960 524 2026 insultare
549 1961 619 2027 solo
643 1964 678 2027 et
700 1983 832 2047 gressus
856 1961 1040 2045 glomerare
1064 1961 1223 2043 superbos

320 2105 376 2150 our
399 2083 565 2170 Vergilius
590 2085 663 2168 equi
687 2085 830 2149 officium
854 2082 955 2167 equiti
944 2081 1178 2149 idederit?
1181 2104 1255 2148 nem
1279 2084 1337 2148 in

320 2172 468 2237 sultare
495 2173 579 2237 solo
608 2176 642 2236 et
669 2172 887 2257 glomerare
915 2192 1076 2257 gressus
1104 2171 1178 2288 equi
1207 2175 1338 2236 constet

282 2281 405 2343 nesse,
436 2281 503 2324 non
536 2258 674 2343 equitie'
725 2258 830 2323 ‘bene’
859 2259 968 2342 inquit
995 2255 1126 2323 Seruius
1154 2256 1246 2324 haec
1274 2258 1367 2331 tibia

321 2348 469 2435 quaestio
502 2351 581 2413 nata
611 2352 661 2413 est
688 2370 726 2413 ex
753 2348 878 2413 incuria
905 2347 1024 2412 ueteris
1052 2347 1209 2412 iectionis
1260 2369 1336 2413 nam

321 2436 398 2524 quia
420 2438 585 2503 sacculum
608 2440 755 2503 nostrum
780 2437 820 2503 ab
839 2436 1006 2503 Ennioet
972 2458 1117 2502 eomnr
1108 2435 1338 2502 bibliotheca

321 2530 431 2593 uetere
460 2526 608 2613 desciuit,
635 2527 740 2592 multa
762 2526 964 2612 ignoramus,
993 2547 1075 2611 quae
1098 2547 1164 2591 non
1187 2526 1337 2610 laterent,

322 2615 349 2680 si
373 2619 519 2683 ueterum
543 2616 638 2683 tectio
661 2617 755 2682 nobis
780 2618 866 2682 esset
889 2614 1070 2681 familiaris.
1113 2637 1225 2681 omnes
1249 2615 1336 2682 enim

281 2732 308 2772 ιι
322 2705 447 2790 antiqui
476 2705 651 2789 scriptores
679 2709 716 2770 ut
742 2705 908 2771 hominem
937 2725 1019 2789 equo
1048 2703 1259 2787 insidentem,
1288 2705 1337 2770 ita

322 2797 355 2858 et
387 2815 518 2879 equum,
550 2816 623 2858 eum
656 2796 803 2878 portaret
830 2793 1009 2874 hominem,
1041 2793 1211 2876 equitem
1240 2814 1336 2858 uoca-

321 2884 447 2963 uerunt,
470 2885 503 2944 et
526 2881 701 2965 equitare
725 2902 790 2945 non
809 2880 974 2945 hominem
994 2882 1120 2944 tantum
1140 2880 1196 2945 sed
1216 2901 1334 2964 equum

321 2989 449 3053 quoque
472 2968 632 3034 dixerunt.
668 2968 796 3033 Ennius
820 2968 904 3033 libro
924 2967 1102 3033 Annalium
1126 2967 1267 3052 septimo
1289 2969 1337 3032 art
1347 2976 1390 3040 10

365 3091 502 3177 denique
524 3092 558 3156 ui
582 3114 703 3178 magna
727 3091 909 3177 quadrupes
933 3113 1029 3176 eques
1054 3094 1151 3176 atque
1171 3090 1337 3176 elephanti

280 3205 307 3250 rs
366 3180 530 3265 proiciunt
553 3202 632 3246 sese

319 3303 474 3389 numquid
494 3303 694 3368 dubiumt
644 3307 694 3367 est
695 3304 799 3388 ,quin
818 3303 1017 3386 equitem
1008 3325 1042 3366 ιιι
1059 3300 1121 3368 hoc
1140 3302 1237 3367 loco
1226 3323 1337 3385 rpsum

320 3412 438 3476 equum
475 3390 605 3470 dixerit,
642 3413 716 3456 cum
749 3388 928 3455 addidisset
958 3390 1008 3456 illi
1039 3389 1208 3475 epitheton
1241 3412 1337 3476 qua·

320 3478 481 3563 drupes‘?
522 3480 570 3545 sic
593 3483 627 3544 et
649 3478 841 3564 equitare,
864 3476 950 3564 quod
973 3478 1111 3544 uerbum
1135 3499 1153 3542 e
1176 3479 1388 3552 uocabuloll

321 3568 467 3652 eq'uitis
491 3568 682 3634 inclinatum
707 3570 758 3633 est
780 3571 814 3634 et
836 3567 935 3634 homo
959 3569 1054 3632 utens
1079 3588 1163 3651 equo
1183 3569 1217 3631 et
1235 3589 1336 3652 equus

321 3709 534 3722 ῃ

392 3800 426 3848 10
447 3795 548 3864 Georg.
567 3793 605 3847 111
626 3799 676 3848 11⁶
731 3798 765 3847 24
784 3812 810 3848 ιι.
830 3798 882 3848 23¹1
903 3790 985 3848 Vahl.
1004 3797 1057 3847 249
1076 3790 1141 3849 Lae.
1160 3789 1257 3847 Muell.

392 4014 407 4063 3
426 4006 575 4096 pontificu]
597 4008 626 4062 P
712 4013 744 4061 10
763 4006 939 4077 prelthronq
959 4005 987 4060 P
1078 4010 1110 4059 12
1130 4018 1289 4075 promerere
1310 4004 1339 4058 P

322 4086 353 4135 13
374 4026 515 4135 dedsdrt*
534 4075 572 4134 P
637 4084 669 4134 15
689 4097 735 4148 inq
738 4079 787 4133 uid
807 4079 836 4133 P
890 4083 922 4133 18
941 4076 1042 4134 desiuit
1060 4078 1088 4132 P
1139 4075 1224 4149 quse]
1244 4079 1292 4145 qir'r
1311 4075 1340 4131 P

320 4158 353 4209 at
373 4151 417 4208 1111
435 4168 485 4208 om
505 4152 533 4206 P
586 4151 726 4222 epithioon
744 4146 780 4207 P'

1068 4240 1123 4294 28*
