3322 5190
305 858 308 863 ·
327 824 393 890 372
708 823 904 881 82221221
923 826 960 882 Vl

328 990 368 1055 da
404 988 581 1056 Pandaro
623 993 656 1054 et
692 987 798 1054 Bitia
839 989 1061 1075 aperientibus
1099 991 1211 1074 portas
1249 988 1341 1053 locus

329 1081 478 1163 aceeptus
511 1083 562 1144 est
593 1100 631 1144 ex
664 1095 770 1144 urnae
804 1095 934 1157 ovm‘ro
966 1095 1102 1145 nsoiuo
1134 1077 1254 1163 Eunu,
1286 1077 1342 1162 qui

329 1167 456 1233 induxit
482 1167 615 1234 Histros
647 1167 728 1234 duos
755 1169 789 1233 in
818 1168 986 1234 obsidione
1014 1169 1160 1253 erupisse
1188 1169 1282 1252 ports
1310 1170 1344 1232 et

276 1256 319 1324 33
330 1260 474 1342 stragem
497 1257 537 1322 da
561 1256 731 1323 obsidente
753 1256 847 1323 hoste
871 1257 994 1323 fecisse.
1035 1279 1094 1322 neo
1114 1256 1244 1322 Tullio
1268 1277 1341 1321 eon-

329 1345 471 1500 pgando,
494 1345 570 1412 dum
594 1345 689 1412 modo
713 1345 853 1432 undique
877 1349 1070 1411 ornamenta
1088 1347 1151 1412 sibi
1170 1344 1342 1429 conferret,
1370 1371 1381 1412 s

329 1455 349 1500 a
374 1435 490 1501 stinuit

544 1545 563 1588 o
586 1523 675 1588 fama
697 1524 811 1609 ingens
835 1525 1001 1610 ingentior
1024 1523 1139 1607 armis,

542 1611 595 1677 uir
617 1610 768 1678 Troiane.

329 1757 447 1820 nempe
474 1735 538 1800 lroe
567 1735 627 1814 ait,
656 1736 800 1801 Aeneam
824 1735 945 1801 famam
970 1758 1061 1801 suam
1084 1735 1179 1801 factis
1203 1734 1342 1800 fortibus

334 1843 593 1908 supergressum,
620 1844 692 1887 oum
721 1825 911 1908 plerumque
933 1822 1023 1888 lama
1045 1823 1089 1888 sit
1111 1823 1215 1888 maior
1238 1822 1343 1888 robus.
1358 1849 1382 1888 u

334 1931 448 1976 sensus
489 1910 542 1975 hio
583 1910 617 1974 in
655 1909 798 1977 Oinous
835 1909 1023 1976 Orcuaonis
1061 1915 1111 1975 est
1147 1912 1198 1975 his
1234 1910 1343 1975 uerbis

335 1998 592 2084 contingebat
612 1999 648 2062 in
669 2020 725 2083 eo,
744 1999 841 2084 quod
861 1999 1057 2084 plerisque
1076 2003 1211 2064 eontra
1229 1999 1344 2080 solet,

300 2129 301 2133 =
334 2092 377 2154 ut
398 2087 544 2153 maiora
568 2089 757 2154 omniura
781 2111 891 2173 quam
916 2089 1016 2154 fama
1038 2089 1278 2172 uiderentur,
1306 2087 1344 2151 id

335 2175 433 2261 quod
449 2198 523 2242 nou
537 2197 651 2260 saepe
665 2178 809 2263 euenit,
825 2177 1345 2263 utexpeetatioeoguitione,

334 2287 445 2415 aureIs
470 2265 515 2330 ab
540 2264 664 2330 oeulis
688 2266 946 2331 uincerentur.
1361 2291 1381 2331 ιε

275 2357 325 2421 ,34
442 2359 507 2417 tem

379 2477 546 2561 proximus
570 2474 647 2540 huie
670 2475 769 2560 longo
792 2477 848 2541 sed
871 2477 1038 2562 proximus
1061 2477 1243 2541 interuallo.

336 2597 469 2665 010220
497 2599 531 2662 in
555 2598 678 2664 Bssv'ro
706 2598 855 2664 duobus
879 2599 1002 2684 igitur
1024 2599 1182 2665 summis
1206 2597 1346 2664 Crasso

337 2690 375 2753 et
402 2686 574 2753 Antonio
602 2687 637 2752 L.
665 2686 870 2772 Philippus
897 2689 1097 2773 proximus
1126 2687 1348 2771 accedebat,

338 2777 401 2843 sed
426 2777 544 2862 longo
570 2778 782 2842 interuallo
806 2782 934 2843 tamen
957 2779 1163 2862 proximus.
1361 2804 1380 2843 a

287 2868 336 2933 ΙΙΙ
429 2865 511 2932 Sunt
534 2868 691 2952 quaedam
716 2868 800 2952 apud
823 2867 1015 2952 Vergilium,
1039 2892 1120 2953 (luae
1144 2870 1184 2933 ub
1207 2866 1348 2932 Homero

338 2956 479 3021 ereditur
507 2958 725 3040 transtulisse,
753 2957 808 3021 sed
837 2980 875 3022 ea
903 2958 1024 3021 docebo
1053 2981 1073 3022 a
1095 2959 1216 3021 nostris
1241 2960 1348 3020 aueto-

338 3045 428 3109 ribus
450 3050 589 3130 sumpta,
612 3047 666 3129 qui
686 3045 809 3130 priores
830 3046 909 3110 haee
929 3046 969 3109 ab
990 3045 1132 3109 Homero
1153 3049 1185 3109 iu
1205 3046 1348 3108 carmina

339 3155 398 3198 sua
425 3133 667 3198 transtulerant.
714 3135 798 3218 quod
829 3135 957 3219 quidem
986 3157 1130 3198 summus
1158 3133 1348 3197 Homericae

338 3222 445 3288 laudis
465 3224 612 3287 cumulus
632 3227 690 3307 est,
714 3224 808 3308 quod,
831 3245 903 3288 oum
924 3223 969 3288 ita
988 3247 1007 3288 a
1026 3223 1174 3307 plurimis
1194 3223 1348 3287 aduersus
1364 3248 1383 3287 a·

340 3334 411 3376 eum
436 3312 611 3396 uigilatum
634 3313 686 3392 sit,
709 3317 925 3398 coaetaequae
950 3313 1094 3378 omnium
1114 3313 1198 3377 uires
1218 3333 1348 3376 inanum

339 3405 453 3466 contra
476 3400 612 3466 fecerint

385 3525 440 3590 ille
464 3524 555 3590 uelut
577 3526 687 3612 pelagi
712 3549 808 3611 rupes
833 3528 968 3592 immola
991 3529 1123 3592 resistit.

310 3646 502 3713 2Homerus
527 3648 565 3712 de
589 3649 699 3714 Aiacis
723 3648 800 3714 forti
828 3671 935 3734 pugna
959 3652 1005 3714 ait

411 3864 427 3911 2
448 3877 474 3928 p.
495 3862 529 3910 54
548 3856 613 3912 Lao.
632 3856 727 3911 Muell.
787 3864 802 3912 Ἰ
823 3858 1018 3913 Aen.x1mr
1075 3864 1106 3912 12
1126 3859 1224 3926 fragm.
1244 3875 1270 3927 p.
1291 3861 1352 3926 987,

342 3935 376 3983 48
396 3928 441 3983 Or.
498 3934 529 3983 17
550 3927 734 3983 Aenveao
791 3935 822 3983 18
842 3936 885 3998 47,
907 3937 956 3984 173
1010 3937 1044 3984 28
1064 3931 1131 3984 Aen.
1152 3929 1203 3983 Vll
1222 3935 1273 3982 5815

343 4049 555 4057 m-a—

414 4123 792 4192 scotoriendoassssaaa
813 4124 840 4177 P
912 4130 943 4177 lt
963 4126 1105 4179 uterentur
1125 4126 1151 4179 P
1228 4128 1259 4177 lo
1280 4138 1353 4176 aroe-

343 4195 439 4248 rentur
460 4192 495 4246 P'
554 4199 586 4247 la
606 4194 697 4248 luerul
714 4194 743 4247 P
794 4200 827 4248 22
848 4194 969 4249 traditur
987 4196 1015 4248 P
