3322 5190
327 814 392 880 180
713 813 791 870 SAT.
810 814 908 870 LIBRI
926 814 965 868 lll

327 976 421 1041 cisis
445 976 595 1040 litteris
619 975 842 1059 appellauit
888 975 995 1040 dedit
1018 997 1109 1060 ergo
1133 976 1337 1060 epitheton

327 1064 410 1147 deo,
441 1085 513 1147 quo
538 1066 576 1127 ot
598 1067 865 1147 argumentum
888 1067 1060 1128 ueterum
1083 1064 1337 1128 uictoriarum

328 1150 510 1216 Herculis
552 1154 591 1215 et
626 1152 940 1216 commemoratio
976 1173 1098 1215 nouae
1134 1151 1339 1233 historiae,

328 1260 423 1323 quae
442 1238 592 1303 recenti
610 1238 780 1304 Romano
800 1260 909 1304 sucro
932 1261 1086 1304 causam
1110 1239 1228 1319 dedit,
1251 1259 1338 1305 cou-

276 1327 528 1394 12tineretur.
573 1348 633 1391 nec
656 1327 761 1393 frusta
784 1328 818 1392 in
841 1328 953 1393 eodem
977 1329 1048 1393 loco
1071 1328 1153 1393 dixit
1367 1353 1379 1392 s

417 1487 418 1490 κ
456 1455 489 1515 et
512 1450 627 1515 domus
650 1450 802 1516 Herculei
825 1456 936 1517 custos
958 1451 1093 1517 Pinaria
1117 1454 1209 1517 sacri.

327 1574 460 1659 quidum
481 1574 678 1640 culmorum
695 1573 881 1661 Maximam,
905 1597 977 1640 cum
997 1575 1103 1641 uicino
1123 1575 1339 1660 conflagraret

328 1663 491 1745 incendio,
517 1663 690 1729 liberatam
715 1686 734 1729 a
756 1663 925 1730 Pinariis
949 1664 1072 1747 ferunt,
1102 1670 1136 1730 et
1158 1664 1230 1730 ideo
1256 1665 1339 1729 sacri

277 1752 499 1821 13custodem
517 1751 649 1817 domum
668 1752 830 1817 Pinariam
850 1753 969 1819 dixisse
983 1752 1175 1839 Vergilium.
1221 1753 1339 1818 Ascua

330 1841 412 1907 κατὰ
436 1841 616 1926 διαστολὴν
646 1840 753 1924 inquit
775 1840 1019 1925 Potitiorum,
1050 1842 1114 1927 qui
1144 1842 1189 1907 ab
1212 1842 1338 1926 Appio
1356 1870 1381 1908 ro

332 1929 495 1996 Claudio
516 1929 685 2014 praemio
704 1931 878 2014 corrupti
898 1952 1007 1995 sacra
1026 1931 1150 1995 seruis
1169 1931 1339 2014 publicis

279 2022 321 2087 14
331 2018 598 2103 prodiderunt.
631 2017 686 2082 sed
701 2016 878 2084 Venimus
893 2018 1173 2084 Ponrrsicnuivu
1188 2042 1226 2084 eo
1245 2020 1341 2103 libro,

332 2129 428 2193 quem
456 2106 534 2172 fecit
563 2125 610 2171 nn
634 2124 982 2189 svurrocl'riouruvs,
1014 2109 1061 2172 ita
1088 2109 1135 2173 ait
1159 2108 1340 2192 Pinariis,

332 2197 396 2282 qui
423 2197 635 2261 nouissimi
662 2218 807 2260 comesu
831 2196 992 2280 prandio
1016 2198 1229 2280 uenissent,
1258 2221 1338 2262 cum

331 2287 406 2349 ium
450 2306 581 2349 munus
618 2307 826 2368 pransores
862 2286 1055 2369 locarent,
1095 2287 1380 2369 praecepissent,

331 2371 551 2456 Herculem,
586 2371 726 2454 nequid
761 2376 898 2456 postes
930 2373 1006 2456 ipsi
1038 2377 1103 2437 aut
1133 2375 1339 2457 progenies

332 2461 503 2544 ipsorum
540 2481 583 2522 ex
620 2459 767 2524 decima
804 2464 1010 2542 gustarent
1047 2461 1231 2525 sacranda
1264 2460 1339 2524 sibi

333 2547 397 2612 sed
427 2547 678 2611 ministrandi
711 2551 862 2611 tautum
894 2547 1001 2612 modo
1031 2569 1158 2629 causa,
1190 2569 1264 2611 non
1295 2549 1340 2612 sd

333 2635 468 2721 epulas
487 2635 754 2719 conuenirent,
778 2635 887 2719 quasi
907 2635 1111 2700 ministros
1129 2656 1219 2719 ergo
1239 2637 1340 2702 sacri

281 2724 512 2794 lbcustodes
537 2723 676 2788 noceri.
724 2728 760 2788 ut
783 2723 851 2808 ipse
874 2723 1037 2810 Vergilius
1062 2725 1138 2789 alibi
1355 2755 1381 2789 ro

386 2854 421 2913 at
443 2848 574 2913 'l'riuice
598 2854 707 2914 custos
731 2849 795 2914 iarn
819 2849 937 2914 dudum
962 2850 1182 2915 inruentibus
1207 2850 1287 2935 Opis

332 2972 364 3036 id
397 2977 448 3036 est
480 2972 676 3055 ministrs,
708 2972 769 3036 nisi
803 2973 886 3036 forte
917 2972 1117 3036 custodem
1148 2974 1229 3036 dixit
1260 2995 1341 3056 eam,

333 3080 416 3211 qppe
444 3080 477 3123 se
505 3059 709 3142 prohibuerit
736 3064 768 3123 et
796 3060 992 3124 continuerit
1021 3083 1040 3125 a
1068 3062 1183 3143 sacris,
1211 3066 1249 3126 ut
1271 3063 1341 3145 ipse

333 3170 378 3212 ar
402 3169 412 3211 1

378 3276 412 3336 et
434 3275 544 3336 custos
568 3272 674 3336 furum
699 3276 794 3356 atque
819 3273 926 3336 arrium
951 3295 1023 3337 cum
1047 3273 1130 3338 falce
1154 3274 1281 3359 saligna
1355 3300 1382 3340 ss

378 3360 633 3445 Hellespontiaci
657 3368 765 3426 seruet
786 3363 889 3426 tutela
912 3360 1032 3446 Priapi.

405 3579 507 3633 osen.
528 3578 592 3632 lllll
611 3585 663 3634 270
717 3586 750 3634 21
770 3579 808 3634 ib.
827 3580 865 3633 Xl
885 3584 937 3635 836
991 3586 1024 3634 25
1045 3579 1146 3649 Georg.
1166 3579 1219 3634 llll
1241 3587 1290 3635 110

406 3790 515 3838 lemni
534 3801 585 3839 our.
604 3783 632 3837 P
684 3801 736 3839 con
755 3780 790 3838 B'
845 3785 1025 3854 conflagret&
1039 3782 1074 3839 B'
1130 3787 1274 3841 θΑίΠΕΡ
1291 3789 1347 3841 BP

336 3861 368 3909 10
387 3854 553 3944 politiorum
572 3856 597 3923 o,
620 3856 767 3978 pop'tierorr'r
782 3853 810 3908 P
907 3873 981 3939 'quia
1003 3857 1048 3939 ab·
1061 3857 1095 3924 P,
1117 3858 1214 3938 dando
1236 3876 1284 3927 pro
1309 3859 1343 3912 B'

336 3933 367 3979 11
383 3929 494 3996 coruptr
509 3927 536 3979 P
603 3931 635 3978 12
677 3944 788 3980 eramus
804 3927 952 3994 Mentores,
971 3927 1174 3997 pontificalium
1191 3945 1223 3983 eo
1239 3930 1343 3984 Morte-

334 4032 389 4086 lius
405 4034 476 4100 prol.
494 4034 526 4087 iri
542 4032 640 4085 Ouidii
654 4031 733 4087 Foct.
752 4033 874 4087 XOVH
876 4034 896 4086 I
899 4055 907 4087 :
927 4034 1055 4087 uersorus
1069 4009 1204 4103 pontilllrl
1218 4053 1246 4089 ru
1261 4051 1294 4090 eo
1310 4038 1344 4102 P,

334 4101 641 4228 pprrpbtrpflpprpppsplctalpl
651 4120 680 4156 m
695 4118 727 4156 eo
743 4103 771 4157 Β
809 4109 841 4157 lt
855 4102 983 4157 lsuerent
998 4101 1035 4156 P'
1075 4111 1107 4158 19
1122 4105 1311 4161 ministrantes
1320 4108 1346 4159 P
