3322 5190
741 896 792 952 xx
812 900 918 953 11-20
1272 895 1339 962 567
1369 971 1372 977 Ι

320 1060 400 1126 item
427 1059 524 1125 ducta
550 1059 637 1125 linea
665 1058 704 1125 de
731 1082 934 1147 quocumque
956 1059 1179 1141 loco'oircnli,
1206 1058 1262 1143 qui
1286 1058 1338 1124 de·

321 1148 432 1233 signat
445 1147 615 1231 ambitum,
628 1148 663 1212 in
678 1169 915 1234 quamcumque
929 1147 1073 1213 eiusdem
1084 1146 1194 1213 circuli
1205 1148 1338 1213 summi·

321 1239 421 1301 tatem
445 1236 532 1301 orbis
556 1239 684 1319 partem
708 1238 851 1320 aliquem
875 1234 1003 1301 diuidat
1024 1257 1155 1302 neeesse
1177 1237 1236 1300 est
1281 1234 1337 1300 sed
1351 1234 1392 1300 15

321 1346 387 1389 non
411 1324 498 1390 omni
523 1325 620 1390 modo
639 1324 796 1390 medietas
816 1327 867 1391 est
885 1325 983 1407 orbis,
1006 1346 1103 1409 quem
1123 1326 1254 1409 separat
1271 1323 1337 1388 ista

295 1413 451 1497 sdiuisio,
482 1413 542 1478 illa
574 1414 660 1480 enim
693 1416 822 1480 tantum
856 1413 944 1479 linea
975 1413 1010 1479 in
1042 1416 1154 1499 partes
1185 1411 1336 1498 aequales

321 1506 430 1570 orbem
461 1503 602 1570 medium
630 1503 760 1587 diuidit,
792 1525 875 1589 quas
902 1527 923 1570 a
952 1501 1143 1570 rummoin
1173 1523 1337 1568 summum
1414 1570 1417 1576 ,

320 1594 367 1658 ita
394 1592 534 1677 ducitur,
562 1598 600 1659 ut
625 1614 757 1659 neeesse
783 1595 830 1659 sit
852 1614 925 1658 eam
947 1591 1088 1659 transire
1112 1611 1170 1677 per
1193 1593 1337 1676 centron,

320 1680 455 1747 ethaeo
478 1680 576 1764 linea,
604 1704 686 1767 quae
710 1681 821 1747 orbem
846 1681 891 1748 sic
915 1681 1092 1833 aepualiter
1114 1678 1246 1762 diuidit,
1269 1679 1336 1744 dia·

320 1774 440 1836 metros
464 1775 677 1855 nuncupetur.
722 1769 801 1835 item
825 1769 932 1835 omnis
979 1769 1134 1835 iametros
1158 1767 1337 1834 ouiuscnm·
1350 1767 1391 1834 16

281 1877 307 1917 ¹⁰
321 1879 382 1943 que
414 1859 503 1924 orbis
534 1859 701 1942 triplicata
732 1880 805 1924 cum
838 1857 1020 1924 adiectione
1048 1856 1207 1943 septimae
1234 1854 1337 1941 partis

320 1968 397 2012 suae
435 1967 618 2013 mensuram
656 1947 737 2013 lacit
767 1947 892 2030 circuli,
932 1969 995 2032 qno
1028 1946 1119 2012 orbis
1150 1943 1337 2029 includitur,

320 2035 352 2101 id
385 2039 443 2117 est,
476 2037 504 2101 si
536 2036 647 2101 uncias
680 2040 804 2121 septem
837 2039 948 2101 teneat
976 2035 1128 2100 diametri
1154 2032 1336 2120 longitudo,

321 2127 354 2188 et
375 2123 458 2189 uelis
482 2146 520 2189 ex
544 2147 582 2189 ea
604 2147 710 2211 nosse,
728 2127 808 2209 quot
829 2125 942 2190 uncias
967 2123 1055 2190 orbis
1074 2122 1178 2207 ipsius
1197 2121 1337 2188 circulus

320 2215 438 2293 teneat,
461 2211 641 2297 triplicabis
666 2216 791 2296 septem
815 2216 849 2278 et
866 2212 992 2279 faciunt
1010 2211 1130 2297 uiginti
1150 2231 1261 2294 unum,
1283 2209 1336 2275 his

280 2318 306 2360 rs
320 2301 438 2366 adicies
467 2301 640 2387 septimam
668 2305 808 2385 partem,
837 2299 974 2368 hecout
998 2322 1110 2382 unum,
1138 2302 1171 2365 et
1194 2320 1336 2384 pronun·

319 2391 420 2456 tiabis
444 2390 561 2476 uiginti
585 2395 618 2455 et
642 2391 767 2456 duabus
788 2389 891 2456 unciis
910 2390 1006 2455 huius
1025 2387 1138 2455 circuli
1158 2409 1229 2454 esse
1248 2408 1335 2453 men·

320 2502 438 2565 suram,
457 2481 547 2546 euius
565 2479 740 2545 diametros
760 2483 883 2564 septem
903 2478 1006 2545 unciis
1025 2476 1220 2544 extenditur.
1251 2477 1333 2543 haec
1345 2477 1384 2544 17

321 2570 431 2636 omnia
463 2570 668 2655 geometricis
702 2568 1015 2654 euidentissimisque
1048 2565 1230 2634 rationibus
1261 2587 1334 2652 pro·

319 2660 397 2724 bure
428 2681 607 2743 possemus,
643 2658 708 2724 nisi
746 2662 779 2725 et
811 2659 973 2724 neminem
1005 2657 1044 2723 de
1077 2656 1158 2743 ipsis
1186 2656 1335 2721 dubitare

280 2748 566 2835 narbitreremur,
599 2752 632 2813 et
663 2768 850 2814 caneremus
880 2747 967 2813 iusto
996 2746 1153 2831 prolixius
1182 2744 1335 2812 uolumen

320 2836 499 2903 extendere.
545 2836 708 2902 sciendum
735 2839 769 2901 et
792 2836 853 2902 hoc
876 2843 940 2921 est,
968 2836 1054 2921 quod
1077 2835 1193 2901 umbra
1215 2836 1332 2919 terrae,
1343 2834 1385 2902 18

320 2947 417 3011 quem
454 2926 504 2991 eol
539 2928 615 3009 post
650 2945 798 2990 occasum
834 2923 868 2990 in
905 2923 1058 2990 inferiore
1092 2922 1333 3007 hemisphaerio

320 3035 451 3079 currens
475 3035 603 3079 sursum
627 3014 718 3099 cogit
740 3013 861 3093 emitti,
884 3034 1008 3098 exque
1030 3033 1128 3098 super
1150 3014 1272 3077 terram
1296 3011 1335 3075 fit

320 3101 510 3186 obscuritas,
533 3124 615 3187 quae
634 3124 698 3167 nox
716 3103 862 3181 uocatur,
884 3100 1031 3188 sexagies
1051 3101 1087 3165 in
1105 3100 1207 3166 altum
1226 3097 1337 3165 multi·

280 3205 307 3247 2⁶
321 3191 460 3274 plicatur
484 3191 525 3255 ab
550 3212 588 3254 ea
607 3212 766 3274 mensura,
789 3212 885 3275 quam
906 3194 1012 3255 terrae
1031 3188 1206 3254 diametros
1225 3186 1337 3271 habet,

320 3281 353 3341 et
379 3278 441 3344 heo
464 3276 667 3361 longitudine
691 3277 730 3341 ad
754 3276 861 3362 ipsum
885 3276 1055 3361 circulum,
1085 3297 1143 3360 per
1166 3296 1262 3359 quem
1286 3274 1336 3340 sol

320 3367 433 3447 currit,
461 3368 582 3446 erecta,
613 3364 797 3430 exclusione
824 3366 955 3431 luminis
983 3364 1135 3430 tenebras
1158 3364 1337 3428 interram

320 3453 471 3519 refundit
527 3452 727 3537 prodendum
766 3456 817 3519 est
851 3453 968 3538 igitur,
1004 3454 1127 3538 quanta
1159 3451 1337 3516 diametros
1350 3452 1390 3518 19

321 3546 427 3608 terrae
446 3543 500 3626 sit,
522 3544 561 3606 ut
579 3546 715 3627 constet,
733 3540 809 3626 quid
831 3542 936 3628 possit
954 3540 1102 3626 sexagies
1120 3537 1339 3625 multiplicata

280 3646 308 3688 ⁸⁰
322 3632 485 3717 colligere,
508 3631 593 3696 unde
617 3631 669 3696 his
694 3631 885 3716 praelibatis
908 3630 948 3695 ad
972 3632 1147 3696 tractatum
1172 3649 1338 3694 mensura·

319 3742 401 3804 rum,
426 3742 507 3805 ques
531 3719 693 3804 promisit,
715 3719 820 3785 oratio
843 3722 1036 3785 reuertatur.
1082 3716 1335 3784 euidentissimis
1345 3718 1389 3785 20

390 3917 548 3983 aqnaouq3
568 3911 622 3967 ΡΒ
689 3911 820 3967 ffimrtate
838 3911 866 3967 P
929 3910 1093 3967 edrnrdam
1113 3905 1149 3967 Β
1214 3908 1291 3966 arta
1311 3909 1339 3965 P

320 3993 353 4042 12
372 3985 448 4056 quod
467 3980 504 4039 P'
580 3984 846 4039 racemorum
866 3983 916 4039 dcl.
935 3983 1014 4039 use
1090 3981 1340 4050 ldxuurgrntrP

354 4055 438 4112 urens
452 4055 481 4109 Β
540 4054 653 4110 cuculxs
667 4059 699 4110 at
716 4054 775 4110 aid
795 4050 832 4109 P'
895 4059 927 4110 la
946 4052 1100 4124 geometrrl
1115 4049 1151 4108 P‘
1210 4057 1242 4108 12
1260 4066 1336 4110 nse·

318 4144 424 4182 minem
442 4126 471 4180 Β
526 4131 561 4179 20
595 4123 702 4178 rolrxnl'
711 4121 746 4178 Β
802 4130 834 4179 21
855 4124 961 4180 eltom.
975 4126 1003 4178 Β
1058 4129 1092 4178 22
1106 4120 1282 4197 hsmrl'phpra
1298 4121 1335 4177 P'

319 4204 354 4252 21
372 4195 424 4250 nol
439 4192 475 4249 P'
532 4144 770 4264 multrplreabrtnr
787 4190 823 4247 B'
879 4200 913 4249 25
932 4193 1038 4250 metros
1051 4193 1079 4247 P
1132 4198 1166 4248 28
1181 4195 1333 4263 quanta-

318 4273 353 4323 22
368 4263 671 4336 multrplroatar‘nrae.
686 4263 760 4320 s'nP
812 4269 846 4318 80
860 4265 970 4335 plebatu
985 4260 1020 4318 Β
1075 4267 1109 4318 21
1124 4264 1283 4319 reuertatur
1296 4259 1335 4317 P'
