3322 5190
333 814 399 877 226
708 813 784 870 SA'P.
803 814 901 869 LIBRI
918 814 971 869 IIII

376 974 498 1056 infelix,
522 993 605 1058 quae
628 977 748 1038 memet
770 975 804 1038 in
827 976 936 1039 omnia
958 975 1057 1039 uertit

331 1117 392 1162 nee
414 1095 496 1160 dixit
520 1095 596 1161 ‘nen
619 1117 753 1180 possum
776 1095 909 1179 perdere
932 1094 1090 1161 Aeneam'
1114 1098 1171 1162 sed

376 1220 490 1286 uincor
513 1221 554 1286 ab
578 1218 699 1287 densa.

301 1342 446 1410 ‘Ideinde
469 1343 650 1428 confirmat,
673 1365 707 1408 se
731 1343 770 1409 ad
795 1344 974 1409 nocendum
998 1348 1044 1429 et,
1067 1345 1151 1430 quod
1176 1347 1342 1432 proprium

332 1434 383 1497 est
409 1431 594 1516 irascentis,
622 1432 683 1495 etsi
712 1431 864 1516 desperat
886 1431 995 1516 perfici
1019 1453 1129 1517 posse,
1153 1438 1262 1499 tamen
1285 1436 1340 1498 im·
1371 1459 1383 1497 s

249 1518 252 1525 ’
331 1519 443 1604 pedire
467 1525 620 1585 contenta
644 1523 695 1584 est

375 1642 505 1709 flectere
529 1643 558 1707 si
581 1662 705 1726 nequeo
729 1663 873 1726 superos,
897 1642 1082 1709 Acheronte
1106 1644 1252 1709 monebo.

376 1754 442 1797 non
465 1731 595 1796 dabitur
617 1730 737 1815 regnis,
759 1735 839 1809 esto,
862 1731 1033 1816 prohibere
1057 1732 1191 1818 Latinis,

377 1820 562 1885 attrahere
585 1823 681 1903 atque
705 1840 814 1884 moras
838 1821 939 1896 tantis
961 1822 1037 1886 licet
1060 1821 1175 1886 addere
1199 1822 1303 1887 rebus.

377 1915 413 1974 at
434 1908 511 1973 licet
533 1908 701 1972 amborum
725 1906 863 1992 populos
887 1908 1054 1974 excindere
1078 1928 1198 1993 regum.
1355 1939 1378 1974 rc

300 2029 514 2182 chrsltdlrazc
541 2031 574 2093 in
603 2029 796 2113 nouissime,
829 2027 914 2114 quod
942 2030 1016 2094 irati
1043 2031 1181 2097 libenter
1208 2030 1341 2116 faciunt,

331 2140 416 2184 mae
439 2139 480 2182 rer

374 2240 535 2324 sanguine
558 2239 699 2304 Troiano
723 2245 757 2305 et
779 2240 901 2306 Rutulo
923 2241 1075 2307 dotabere
1100 2242 1203 2326 uirgo,

329 2369 363 2429 et
385 2361 537 2449 protinus
561 2365 789 2448 argumentum
814 2385 833 2427 a
856 2364 954 2427 simili
979 2365 1173 2429 conueniens
1192 2387 1231 2429 ex
1249 2387 1338 2450 prae·

328 2449 517 2517 cedentibus
1356 2481 1379 2521 u

534 2561 593 2604 nec
616 2539 686 2604 iace
708 2542 837 2604 tentum

374 2625 494 2694 Cisseis
518 2649 703 2714 praegnans
727 2627 819 2713 ignes
843 2629 938 2693 enixa
960 2629 1095 2715 iugales.

298 2754 434 2838 9uides,
467 2775 564 2838 quum
592 2775 687 2837 saepe
716 2755 896 2817 orationem
926 2756 1100 2819 mutauerit
1127 2777 1166 2820 ac
1192 2756 1338 2840 frequen-

304 2844 415 2908 tibus
448 2844 562 2927 figuris
595 2841 771 2907 uariauerit
803 2843 879 2926 quia
911 2844 973 2925 ira,
1006 2866 1087 2928 quaa
1115 2846 1221 2910 breuis
1251 2847 1340 2908 furer

328 2935 387 3015 est,
409 2953 475 2995 non
499 2935 609 3012 potest
632 2952 731 2994 unum
755 2931 943 2995 continuare
964 2954 1095 2997 sensum
1116 2933 1149 2996 in
1169 2935 1339 3016 quuendo.
1354 2962 1379 2999 eu

277 3022 387 3084 IOnec
411 3019 527 3082 desunt
548 3019 633 3103 apud
653 3018 788 3081 eundem
809 3018 973 3081 crationes
993 3019 1246 3085 misericordiam
1267 3043 1338 3084 ccu-

328 3108 505 3170 mcuentes.
552 3105 680 3168 Turnus
704 3104 744 3167 ad
767 3103 938 3168 Iuturnam

372 3248 414 3291 an
439 3227 549 3291 miseri
573 3226 684 3290 fratris
709 3226 808 3289 letum
833 3231 869 3289 ut
892 3225 1018 3290 crudele
1042 3228 1191 3292 uideres?

327 3353 360 3413 et
386 3348 485 3433 idem,
513 3371 584 3413 eum
614 3353 712 3433 auget
736 3349 892 3413 inuidiam
917 3350 1095 3413 occisorum
1121 3372 1179 3434 pro
1203 3372 1237 3416 se
1261 3355 1337 3417 ami·

325 3458 437 3502 corum
1351 3467 1377 3506 ae

370 3561 437 3713 dddi
462 3561 574 3626 oculos
598 3564 672 3625 ante
697 3562 766 3645 ipse
790 3583 879 3626 meos
902 3583 954 3625 me
977 3584 1056 3626 uoce
1080 3568 1250 3628 uocantem

405 3671 569 3714 urranum.

324 3758 537 3767 ——ffl

398 3813 430 3861 16
449 3806 518 3860 Aen.
537 3805 589 3861 VII
608 3811 660 3860 319
716 3812 749 3860 ‘33
769 3806 806 3860 ib.
830 3806 878 3860 XII
899 3813 950 3862 636
1006 3812 1039 3862 26
1059 3807 1095 3862 ib.
1115 3807 1165 3860 XII
1185 3814 1236 3863 638

395 3951 586 4003 Iacharentc
605 3950 632 4002 P
707 3956 740 4002 14
759 3951 863 4004 acrmrh
886 3946 921 4002 P'
1002 3950 1051 4003 ced
1071 3952 1102 4004 in
1122 3950 1284 4016 'cedentrb;
1305 3954 1335 4006 ia

322 4037 378 4076 ras.
397 4022 429 4075 in
447 4020 475 4074 P
552 4027 583 4074 17
604 4019 701 4073 cessers
716 4020 744 4073 P
815 4025 1022 4074 memnonem
1041 4037 1090 4076 een.
1140 4018 1146 4035 '
1220 4028 1255 4077 20
1274 4022 1334 4075 Ien-

323 4089 380 4145 ium
400 4090 436 4146 P'
511 4096 543 4145 2³
563 4089 633 4145 lodan
654 4091 681 4143 P
751 4096 784 4145 24
803 4091 936 4159 *suuge
960 4108 1028 4146 corr.
1053 4093 1083 4146 in
1103 4096 1199 4162 auget;
1223 4094 1254 4147 in
1278 4110 1333 4148 ras.

322 4164 382 4218 uid.
401 4163 488 4230 [ciacc
507 4177 536 4214 m
554 4164 584 4216 c'n
603 4161 630 4215 P
