3322 5190
768 858 782 913 i
801 865 870 915 l-t
1307 858 1329 923 b

314 1022 407 1087 docte
426 1021 547 1108 aliquid
568 1021 621 1087 uel
640 1019 745 1105 lapids
762 1020 944 1106 proterendi
961 1042 1098 1086 uacuum
1112 1018 1328 1104 relinquatur:

314 1110 369 1175 sed
393 1111 457 1190 erit
480 1111 514 1176 iii
537 1132 650 1175 mensa
672 1131 778 1174 sermo
802 1109 985 1194 iucundior,
1011 1113 1049 1175 at
1071 1109 1193 1175 habeat
1215 1110 1329 1194 uolup-

313 1198 392 1264 tatis
415 1199 567 1283 amplius,
589 1197 773 1263 seueritatis
796 1199 912 1263 minus.
949 1221 1026 1264 nam
1049 1221 1121 1264 cum
1140 1198 1224 1283 apud
1244 1183 1364 1264 alios3

314 1287 431 1372 quibus
460 1292 537 1353 sunt
566 1287 729 1373 descripta
756 1287 909 1352 conuiuia
936 1291 1006 1352 tum
1034 1287 1069 1353 in
1095 1287 1153 1352 illo
1182 1287 1330 1353 Platonis

293 1377 483 1461 ssyniposio
521 1399 586 1442 non
623 1376 800 1442 austeriore
837 1377 947 1463 aliqua
979 1377 1018 1441 da
1050 1399 1085 1441 re
1118 1375 1331 1443 conuiuarum

316 1488 431 1550 sermo,
454 1465 509 1531 sed
529 1464 699 1549 Cupidinis
722 1466 815 1531 uaria
838 1468 872 1532 et
893 1465 1002 1550 lepida
1019 1465 1195 1551 descriptio
1214 1467 1274 1549 est,
1297 1465 1331 1530 in

315 1578 378 1640 quo
407 1554 536 1642 quidem
561 1554 710 1620 Socrates
739 1577 803 1620 non
835 1554 1023 1637 artioribus,
1050 1558 1093 1620 ut
1110 1555 1209 1638 solet,
1236 1554 1331 1620 nodis

315 1648 410 1729 urget
432 1647 530 1728 atque
552 1644 702 1729 implicat
725 1643 955 1725 aduersarium,
979 1643 1034 1708 sed
1054 1643 1205 1708 eludendi
1225 1643 1331 1727 magis

316 1755 412 1817 quam
436 1731 623 1797 decertandi
642 1731 737 1796 modo
757 1732 970 1816 adprehensis
989 1732 1045 1796 dat
1063 1730 1211 1796 elabendi
1230 1752 1332 1815 prope

284 1824 412 1904 iretque
454 1820 630 1906 effugiendi
669 1820 786 1885 locum.
846 1824 977 1905 oportet
1013 1820 1099 1884 enim
1136 1819 1262 1885 uersari
1298 1812 1368 1883 in4

316 1908 465 1974 conuiuio
489 1929 655 1974 sermones
678 1912 717 1972 ut
738 1908 890 1972 castitate
909 1909 1053 1993 integros
1072 1908 1119 1972 ita
1138 1906 1332 1992 adpetibiles

316 2000 499 2062 uenustate:
535 1996 699 2062 matutina
734 2018 814 2062 uero
847 1997 910 2061 erit
941 1996 1107 2061 robustior
1143 1996 1333 2081 disputatio,

316 2107 397 2169 qnae
420 2085 509 2150 uiros
532 2088 566 2149 et
588 2085 701 2149 doctos
723 2088 757 2148 et
774 2085 1052 2170 praeclarissimos
1072 2085 1191 2148 deceat
1227 2105 1333 2167 neque

316 2173 401 2237 enim
430 2172 546 2239 Cottae
573 2172 678 2237 Laelii
709 2170 877 2256 Scipiones
910 2172 1123 2258 amplissimis
1155 2172 1194 2235 de
1226 2173 1333 2253 rebus,

282 2285 304 2324 is
317 2261 423 2343 quoad
442 2261 609 2324 Romanae
632 2261 761 2325 litterae
789 2263 899 2343 erunt,
925 2263 958 2325 in
985 2262 1129 2324 aeterum
1153 2259 1245 2323 libris
1268 2258 1333 2324 dis-

317 2349 489 2433 putabunt:
519 2347 746 2414 Praetextatus
776 2370 853 2413 uero
881 2347 1054 2414 Flauianos
1078 2347 1216 2413 Albinus
1239 2345 1332 2433 Sym-

318 2437 449 2503 uiachos
470 2442 504 2502 et
521 2437 725 2523 Eiistatliios,
748 2460 885 2521 quorum
910 2437 1061 2522 splendor
1080 2436 1197 2502 similis
1216 2440 1249 2501 et
1266 2460 1332 2503 noii

319 2526 451 2592 iiilerior
473 2526 578 2592 uirtus
601 2529 663 2608 est,
691 2525 804 2591 eodem
829 2525 924 2592 modo
948 2525 1037 2610 loqui
1060 2525 1181 2610 aliquid
1206 2526 1332 2592 licitum

319 2638 382 2680 nou
402 2617 471 2681 erit
507 2637 566 2680 nec
584 2615 663 2679 milii
687 2616 792 2679 fraudi
816 2616 870 2697 sit,
893 2616 922 2680 si
944 2617 1001 2678 uni
1025 2619 1082 2678 aut
1104 2616 1199 2680 alteri
1223 2638 1262 2679 ex
1281 2610 1368 2681 hisb

282 2728 306 2767 ia
320 2727 400 2788 qnos
438 2707 546 2769 coetus
585 2703 694 2788 coegit
725 2707 854 2767 matura
886 2706 976 2767 aetas
1010 2703 1172 2787 posterior
1203 2705 1333 2770 saeculo

319 2791 514 2856 Praetextati
550 2791 626 2855 suit:
668 2791 753 2874 quod
790 2791 881 2855 licito
918 2791 988 2854 lieri
1026 2790 1173 2855 Platonis
1210 2792 1332 2876 dialogi

318 2879 502 2944 testimonio
530 2882 620 2960 sunt,
648 2877 767 2961 quippo
791 2877 924 2942 Socrate
947 2878 994 2942 ita
1017 2877 1224 2942 Parmenides
1248 2882 1332 2943 anti·

317 2966 420 3049 quior,
443 2968 480 3030 ut
501 2965 596 3029 huius
615 2966 757 3049 pueritia
775 2966 830 3029 nix
849 2965 936 3030 illius
956 2965 1206 3050 adprehenderit
1224 2988 1332 3033 senec·

318 3057 430 3139 tutem,
453 3059 487 3119 et
504 3056 614 3119 tamen
632 3053 720 3119 inter
738 3055 813 3119 illos
833 3054 986 3119 derebus
1007 3055 1115 3120 arduis
1135 3055 1333 3140 disputatur:

281 3166 305 3206 is
318 3143 464 3209 inclitum
489 3142 653 3229 dialogum
674 3142 824 3210 Socrates
843 3143 958 3209 habita
976 3167 1049 3210 cuin
1069 3144 1202 3210 Timaeo
1222 3144 1332 3229 dispu-

318 3234 441 3298 tatione
472 3235 647 3317 consumit,
679 3256 761 3319 quos
794 3237 924 3300 constat
956 3234 1068 3300 eodem
1102 3235 1232 3299 saeculo
1265 3256 1330 3300 non

318 3323 429 3387 luisse:
461 3322 596 3388 Paralns
624 3344 702 3387 uero
731 3327 764 3387 et
790 3321 1013 3408 Xanthippus,
1044 3323 1162 3408 quibus
1190 3319 1367 3389 Pericles6

318 3414 410 3496 pater
436 3411 513 3490 fuit,
545 3433 618 3476 oum
647 3410 829 3496 Protagora
857 3412 945 3496 apud
973 3411 1142 3477 Platonem
1171 3412 1334 3478 disserant

390 3644 403 3691 1
424 3638 601 3709 relinguatur
619 3638 656 3694 B'
711 3645 728 3692 1
746 3639 881 3694 immensa
899 3639 928 3694 B
982 3639 1128 3693 iucundior
1148 3641 1231 3695 etsie
1249 3642 1332 3696 intrr-

317 3726 391 3792 dicni,
408 3726 482 3794 quod
499 3728 619 3796 amplias
636 3743 693 3781 aori
711 3727 849 3782 adsumto
862 3727 891 3780 P
959 3731 975 3780 5
994 3726 1122 3796 simposio
1143 3727 1178 3794 P,
1197 3711 1332 3851 symposio

317 3796 345 3850 Β
417 3796 573 3851 thuribus
586 3798 619 3852 iii
637 3797 790 3852 artioribus
803 3799 836 3851 iri
852 3811 909 3850 ras.
927 3797 1002 3850 i'riP
1079 3803 1150 3865 usp
1171 3797 1294 3851 rehcuil
1306 3799 1335 3852 P

316 3865 440 3920 elabenti
464 3863 499 3921 Β
586 3871 620 3921 14
638 3867 697 3922 lelii
723 3868 751 3922 Β
836 3866 966 3937 scipionis
979 3863 1015 3920 Β
1103 3871 1136 3921 15
1151 3814 1332 3938 disputabunt

316 3941 347 3990 ut
373 3936 432 3992 uia
455 3934 490 3991 1⁷
582 3945 614 3992 iu
638 3937 829 3994 Prasexutui
854 3953 920 3992 uero
948 3937 1107 4008 flauianull
1127 3937 1240 3993 albinus
1259 3939 1332 4008 lym·

316 4007 434 4062 inachus
453 4007 477 4061 s
499 4007 655 4062 anilatbiul
674 4007 709 4064 Β
801 4008 975 4078 symmachos
996 4009 1018 4062 le
1037 4025 1054 4063 s
1073 4008 1227 4063 eustathius
1243 4011 1330 4077 (uide-

317 4079 556 4146 tiir,suisses)P
604 4079 728 4134 20181111
741 4079 769 4132 Ρ
813 4080 1060 4150 20p0ltenloiuB
1105 4079 1336 4149 tupmeuidisP

317 4153 351 4271 tp
370 4148 588 4272 apprppenderit
605 4151 634 4204 P
678 4139 734 4203 ‘ia
754 4145 788 4202 P'
843 4154 878 4203 25
896 4150 1032 4219 inclytum
1052 4150 1080 4204 B
1134 4154 1168 4202 26
1189 4153 1275 4204 triueo
1294 4150 1330 4218 B,

317 4223 423 4273 timeo
