3322 5190
332 797 398 862 306
729 791 804 849 SA'I'.
824 790 920 846 LIBRI
940 791 963 846 V

377 979 464 1024 nuno
486 959 636 1023 iuuenem
659 954 840 1038 imparibus
863 953 958 1018 uideo
982 974 1172 1019 concurrere
1195 954 1273 1021 fatis

378 1046 616 1131 Parcarumque
639 1043 707 1109 dies
731 1047 765 1106 et
786 1041 842 1106 lux
864 1040 997 1106 inimica
1021 1043 1228 1127 propinquat,

331 1168 605 1323 ¹{manifestumque
633 1167 720 1231 esset
741 1164 887 1228 Turnum
914 1164 1024 1248 utique
1052 1166 1249 1249 periturum,
1271 1188 1345 1231 sero

368 1277 441 1322 men
483 1307 487 1314 .

319 1432 322 1437 .
376 1379 523 1464 Iuppiter
544 1377 614 1462 ipse
637 1376 718 1441 duae
742 1378 881 1457 aequato
904 1375 1050 1439 examine
1074 1376 1183 1441 laneas
1372 1408 1385 1449 ⁵

377 1468 517 1533 sustinet
540 1467 573 1529 et
596 1464 666 1530 fato
689 1463 828 1546 imponit
850 1462 978 1527 diuersa
1000 1463 1145 1528 duorum.

276 1590 389 1656 IOsed
412 1589 492 1655 haee
516 1594 549 1653 et
571 1588 652 1653 talia
670 1584 869 1673 ignoscenda
886 1583 1043 1669 Vergilio,
1066 1587 1121 1672 qui
1141 1587 1239 1652 studii
1259 1588 1345 1652 cirea

331 1677 511 1745 Homerum
539 1677 707 1741 nimietate
733 1673 857 1740 exaudit
880 1674 1017 1739 modum.
1063 1683 1096 1740 et
1119 1698 1152 1740 re
1176 1698 1254 1741 uara
1277 1699 1345 1741 non

331 1772 459 1853 potarat
480 1787 547 1831 non
571 1766 604 1830 in
624 1763 787 1849 aliquibus
807 1763 912 1828 minor
929 1762 1042 1846 uideri,
1064 1765 1120 1850 qui
1138 1787 1196 1848 per
1214 1786 1344 1830 omnem

331 1857 445 1942 poesin
476 1875 567 1920 suam
595 1853 658 1919 hoe
684 1874 749 1917 uno
777 1859 827 1917 est
854 1853 1024 1937 praecipue
1053 1853 1385 1939 usurarohetypo.10

333 1944 456 2010 aeriter
477 1944 562 2008 enirn
585 1943 619 2007 in
645 1939 824 2007 Homerum
848 1940 958 2006 oculos
981 1942 1121 2008 intendit
1144 1948 1180 2007 ut
1203 1944 1344 2008 aemula·

335 2039 425 2099 retur
446 2033 516 2098 eiua
539 2054 605 2097 non
628 2030 724 2097 modo
750 2030 1005 2116 magnitudinem
1029 2033 1084 2097 sed
1104 2037 1137 2097 et
1155 2032 1344 2118 simplieita-

323 2129 398 2190 tem
428 2127 461 2188 at
488 2123 702 2208 praesentiam
730 2121 887 2187 orationis
915 2126 948 2186 et
975 2123 1107 2189 tacitum
1130 2124 1344 2190 maiestatem.

279 2215 321 2281 41
333 2213 410 2280 hine
436 2213 637 2278 diuersurum
665 2214 750 2277 inter
778 2210 894 2275 heroas
917 2233 993 2276 suos
1017 2234 1228 2296 personarum
1252 2215 1344 2278 uaria

333 2301 563 2386 magnificatio,
585 2301 662 2366 hina
685 2300 816 2364 deorum
834 2299 1050 2384 interpositio,
1072 2301 1148 2366 hinc
1166 2303 1344 2366 auctoritas
1360 2333 1384 2373 η

332 2388 566 2467 fabulosorum,
588 2389 665 2452 hine
688 2386 872 2453 adfectuum
894 2387 1052 2453 naturalis
1071 2390 1244 2472 expressio,
1266 2389 1345 2453 hina

332 2480 615 2540 monumentorum
639 2473 830 2559 persecutio,
852 2471 930 2537 hine
952 2474 1181 2555 parabolarum
1205 2495 1345 2560 exagge-

332 2563 431 2644 ratio,
467 2562 542 2627 hine
574 2561 728 2627 torrentis
763 2560 920 2625 orationis
954 2562 1092 2641 sonitus,
1127 2561 1204 2625 hine
1236 2584 1344 2626 rerum

332 2650 533 2734 singularum
557 2671 630 2714 eum
653 2647 824 2732 splendore
847 2646 1025 2732 fastigium.

277 2736 377 2802 XIIII
423 2737 514 2802 Adeo
538 2740 646 2802 autern
670 2736 815 2821 Vergilio
838 2733 973 2800 Homeri
997 2736 1100 2801 dulcis
1118 2737 1260 2802 imitatio
1284 2742 1345 2823 est,
1359 2770 1385 2810 ω

333 2832 370 2891 ut
397 2831 430 2891 et
458 2827 491 2890 in
518 2827 667 2891 uersibus
695 2826 789 2906 uitia,
822 2846 902 2908 quae
931 2846 950 2888 u
978 2847 1043 2890 non
1070 2825 1169 2890 nullis
1195 2826 1342 2911 imperite

332 2913 622 2999 reprehenduntur,
654 2914 800 2977 imitatus
833 2915 890 2996 sii,
921 2935 976 2977 eos
1006 2914 1090 2996 dico,
1120 2937 1200 2998 quos
1229 2915 1343 2980 Graeci

331 3007 451 3067 uocant
470 3002 665 3087 ἀκεφάλους,
690 3002 862 3084 λαγαρούς,
886 3001 1237 3087 ὑπερκαταληκτικούς,
1261 3025 1342 3087 quos

331 3092 385 3158 hie
407 3112 534 3177 quoque
557 3090 765 3156 Homericum
789 3091 899 3154 stilum
924 3092 1107 3174 approbans
1126 3113 1192 3155 non
1211 3091 1342 3175 refugit,

299 3183 369 3245 rut
392 3185 468 3245 sunt
491 3182 575 3266 apud
600 3181 704 3264 ipsum
728 3176 887 3262 ἀκέφαλοι
1356 3212 1383 3252 25

376 3306 494 3372 arietat
517 3308 550 3370 in
574 3309 694 3390 portus,

375 3397 555 3482 parietibus
579 3398 704 3460 textum
728 3393 829 3457 caecis
852 3393 914 3457 iter

330 3533 542 3541 m..---.....

376 3594 636 3670 'rneuxllrre
674 3608 872 3664 eiuxllrm
910 3608 1114 3664 reinxleeo
1151 3612 1340 3667 urinvueo

401 3841 417 3887 t
439 3839 502 3903 poet
529 3850 656 3888 aramme
684 3833 799 3888 deletum
827 3832 905 3899 duas,
934 3833 1030 3885 orruisse
1058 3849 1115 3888 tuoe.
1139 3833 1233 3889 lances
1257 3837 1288 3890 in
1315 3838 1341 3888 P

330 3911 363 3960 10
382 3907 523 3974 aroheypo
543 3905 570 3959 P
632 3911 663 3959 12
683 3904 743 3959 erus
757 3904 821 3958 odd.
843 3902 971 3958 Oontabr.
991 3920 1041 3958 om.
1062 3904 1089 3958 P
1156 3913 1188 3960 13
1207 3908 1344 3961 orationis

328 4014 433 4067 inrue.
452 4013 484 4065 iu
503 4010 530 4064 P
583 4017 613 4064 lt
633 4009 809 4079 persequutio
829 4010 856 4062 P
910 4014 941 4062 19
958 3991 1100 4079 sumimur
1117 4012 1142 4064 P
1194 4016 1338 4067 28ΑΛΓΑ-

322 4083 418 4136 ΡΟΥ(
438 4081 467 4135 Ρ
523 4086 557 4134 24
576 4082 719 4134 heroicum
738 4079 831 4133 [trium
853 4080 880 4132 P
940 4086 973 4135 26
993 4082 1121 4150 acephali
1139 4083 1167 4135 P
1224 4090 1258 4138 26
1278 4088 1336 4153 pori

328 4152 367 4207 as
381 4153 410 4207 P
461 4158 494 4206 27
514 4149 655 4205 abietibus
669 4153 776 4204 textum
796 4148 823 4202 P
