3442 5190
708 801 759 856 XV
779 807 812 855 22
840 800 906 856 xvl
927 807 1013 856 1-10
1318 802 1360 867 '19

438 959 537 1030 Sacra
564 961 736 1029 celebritas
765 965 816 1027 est
843 961 896 1027 uel
924 984 996 1027 cum
1025 961 1184 1029 sacrificia
1212 962 1261 1027 dis
1285 963 1392 1030 offe-4

349 1055 463 1119 runtur
489 1052 542 1118 uel
565 1075 639 1118 oum
662 1052 731 1118 dies
755 1051 876 1117 diuinis
899 1051 1144 1137 epulationibus
1169 1052 1361 1132 celebratur,

349 1142 400 1207 nel
427 1164 499 1206 cum
527 1141 595 1207 ludi
622 1141 657 1206 in
684 1141 842 1207 honorem
868 1144 1012 1227 aguntur
1035 1141 1183 1226 deorum,
1210 1142 1263 1207 uel
1287 1164 1359 1208 cum

348 1230 446 1294 feriae
459 1231 682 1296 cbseruantur.
707 1229 894 1295 feriarum
907 1233 1015 1296 autern
1025 1229 1228 1315 publicarum
1239 1232 1391 1316 generat)

323 1321 423 1383 esunt
454 1322 615 1403 quattuor.
665 1322 723 1383 aut
755 1319 841 1384 enim
875 1319 1048 1385 statiuae
1080 1322 1157 1384 sunt
1183 1323 1241 1384 aut
1272 1341 1359 1385 con-

349 1407 523 1491 ceptiuae
547 1412 605 1473 aut
626 1407 884 1492 imperatiuae
908 1410 965 1472 aut
987 1407 1189 1473 nundinae.
1226 1411 1260 1474 et
1282 1413 1389 1477 suntll

348 1496 517 1561 statinae
544 1497 688 1561 uniuersi
715 1496 828 1580 populi
852 1518 1039 1562 communes
1062 1497 1159 1563 certis
1183 1499 1216 1562 et
1238 1497 1359 1564 consti-

348 1584 426 1649 tutis
455 1583 568 1650 diebus
597 1607 634 1650 ac
662 1585 828 1650 mensibus
853 1588 886 1650 et
909 1586 945 1650 in
967 1585 1063 1650 fastis
1087 1585 1183 1651 statis
1206 1585 1358 1651 obserua-

348 1673 493 1738 tionibus
531 1673 719 1757 adnotatae,
755 1674 790 1739 in
826 1674 944 1758 quibua
981 1674 1153 1759 praecipue
1188 1677 1359 1741 seruantur

312 1760 820 1847 rcAgonaliaOarmentalia
835 1763 1074 1846 Lupercalia.
1103 1763 1358 1849 conceptiuae

348 1855 430 1933 sunt,
453 1873 536 1935 quae
561 1853 736 1936 quotannis
757 1875 777 1916 a
796 1851 1045 1937 magistratibus
1065 1852 1117 1917 uel
1136 1852 1357 1918 sacerdotibus

347 1940 571 2093 conqiplaiuptur
594 1940 720 2093 insdies
744 1942 796 2093 qul
821 1944 927 2094 certlps
951 1942 1002 2005 uel
1026 1941 1132 2093 ειῐῇαιιὸ
1149 1941 1360 2093 incerttosiut

347 2049 406 2092 sun
472 2050 604 2093 arnae
647 2052 750 2094 emen
778 2052 864 2094 uuae
911 2051 1092 2094 canera
1139 2051 1357 2112 omprara:

347 2117 605 2202 imperatiuae
633 2122 721 2201 sunt,
749 2139 830 2203 quas
857 2051 1006 2183 censiles
1032 2117 1084 2181 uel
1107 2119 1273 2202 praetores
1295 2140 1356 2201 pro

311 2205 481 2273 rsarbitric
513 2207 687 2291 potestatis
720 2206 875 2271 indicunt.
925 2204 1117 2270 nundinae
1149 2208 1227 2270 sunt
1258 2226 1356 2292 paga-

346 2316 461 2360 norum
480 2294 622 2381 itemque
640 2295 846 2377 rusticorum,
864 2293 979 2377 quibus
998 2293 1197 2360 conueniunt
1213 2295 1356 2447 nepotiis

346 2384 485 2470 propriis
508 2386 561 2449 uel
585 2383 745 2449 mercibus
766 2383 936 2470 prouisuri.
978 2386 1054 2448 sunt
1070 2385 1238 2469 praeterea
1270 2383 1385 2451 eriae‘l

346 2473 496 2559 propriae
514 2473 723 2558 familiarum,
743 2477 781 2540 ut
798 2473 941 2540 familiae
961 2470 1144 2538 Claudiae
1164 2473 1215 2538 uel
1232 2474 1356 2540 Aemi·

347 2564 422 2627 liae
454 2585 511 2629 seu
538 2564 666 2630 Iuliae
699 2563 768 2629 siue
797 2561 1017 2645 Corneliae,
1049 2565 1082 2626 et
1115 2563 1225 2649 siquas
1258 2563 1355 2629 ferias

308 2674 334 2714 sa
345 2654 495 2737 proprias
514 2674 658 2739 quaeque
677 2652 802 2718 familia
818 2674 856 2716 ex
871 2673 932 2716 usu
947 2648 1144 2716 domesticae
1158 2651 1355 2717 celebritatis

346 2741 506 2806 obseruat
547 2747 625 2806 sunt
647 2741 857 2826 singulorum,
879 2739 928 2803 uti
950 2739 1108 2803 natalium
1128 2740 1385 2825 fulgurumquess

346 2829 575 2913 susceptiones,
597 2829 676 2892 item
699 2829 848 2892 funerum
872 2830 970 2910 atque
992 2826 1224 2909 expiationum.
1270 2830 1357 2912 apud

345 2920 470 2982 ueteres
494 2938 621 3001 quoque
645 2915 701 3001 qui
723 2916 923 2979 nominasset
945 2913 1117 2979 Salutem
1138 2913 1356 2980 Semoniam

345 3001 470 3069 Seiam
507 3002 703 3088 Segatiam
741 3002 970 3087 Tutilinam,
1010 3001 1109 3067 ferias
1152 3002 1356 3069 obseruabat.

305 3111 329 3152 rc
344 3093 420 3158 item
440 3092 620 3158 Flaminica
643 3091 793 3177 quotiens
813 3092 959 3157 tonitrua
978 3091 1122 3156 audisset
1140 3090 1257 3156 feriata
1276 3095 1355 3176 erat,

343 3181 444 3248 donec
469 3183 633 3268 placasset
658 3182 745 3247 deos.
791 3180 1008 3246 adfirmabant
1035 3184 1143 3245 autem
1168 3180 1384 3246 sacerdotest)

343 3272 444 3358 pollui
476 3270 591 3353 ferias,
626 3270 653 3335 si
686 3270 816 3336 indictis
849 3269 1077 3355 conceptisqus
1110 3292 1191 3353 opus
1224 3269 1356 3355 aliquod

344 3361 442 3425 lieret
496 3365 664 3446 praeterea
701 3380 811 3445 regem
846 3379 1011 3423 sacrorum
1045 3358 1257 3444 flaminesque
1290 3380 1356 3423 non

345 3449 464 3514 licebat
486 3447 594 3514 uidere
617 3447 706 3512 feriis
730 3469 811 3532 opus
835 3447 915 3532 fieri,
937 3449 971 3511 et
993 3447 1066 3512 ideo
1085 3469 1145 3532 per
1162 3469 1355 3532 praeconem

308 3556 334 3597 so
347 3537 592 3618 denuntiabant,
624 3536 746 3620 nequid
778 3536 844 3601 tale
869 3539 1019 3622 ageretur
1047 3538 1080 3600 et
1108 3536 1272 3621 praecepti
1300 3556 1354 3600 ne-

346 3625 478 3712 glegens
497 3623 708 3688 multabatur.
731 3627 861 3707 praeter
876 3624 1013 3689 multam
1027 3645 1106 3689 uero
1121 3625 1354 3689 adfirmabatur
1366 3627 1407 3691 10

346 3734 416 3776 eum
436 3713 490 3797 qui
509 3711 633 3776 talibus
652 3710 767 3775 diebus
785 3712 961 3794 inprudens
982 3711 1103 3795 aliquid
1123 3713 1244 3797 egisset
1256 3734 1354 3796 porco

413 3886 544 3942 adura
600 3884 842 3958 lbcertrlleB
895 3885 1186 3942 SbrniusltatrlP
1238 3893 1353 3940 banno-

344 3959 402 4032 uu
422 3958 456 4014 Π
530 3963 562 4013 11
586 3974 605 4012 a
627 3963 692 4014 cate
714 3956 1020 4014 recorroboramus
1093 3963 1127 4011 12
1147 3956 1207 4015 uer
1221 3957 1314 4013 certos
1329 3956 1358 4010 P

346 4035 377 4085 1⁸
396 4029 490 4103 emilie
510 4029 538 4083 P
590 4035 626 4084 24
644 4029 830 4084 obseruabant
847 4029 876 4083 P
925 4035 959 4083 aa
979 4029 1105 4083 flammis
1122 4029 1150 4083 P
1202 4028 1315 4098 quoties
1326 4029 1354 4082 B

344 4106 378 4154 26
397 4101 613 4157 affirmabantb
663 4107 697 4155 27
712 4100 880 4170 conceptrlq.
895 4116 992 4158 *rr*
1007 4103 1012 4169 Ι
1027 4100 1056 4154 Ρ
1104 4105 1138 4154 ³0
1154 4102 1235 4169 piore
1249 4100 1354 4155 denun-

345 4140 470 4226 ciabalur
488 4172 516 4226 P
568 4177 600 4227 31
621 4171 817 4227 affirmabatur
835 4171 882 4227 bP
935 4178 968 4227 82
988 4170 1152 4240 rmprudenl'
1168 4172 1196 4225 P
