3442 5190
745 792 851 848 XVIIII
871 799 958 848 r-la
1301 793 1359 857 111

350 955 525 1021 luminibus
548 958 700 1022 ornatum
728 955 908 1022 custodisse
929 955 1064 1021 Iunonis
1091 955 1227 1041 imperio
1251 955 1364 1023 Inachi

351 1045 459 1129 filiam,
473 1045 542 1111 eius
561 1045 640 1113 deae
657 1046 824 1131 paelicem,
838 1067 1027 1112 conuersam
1044 1046 1078 1110 in
1097 1045 1192 1111 bouis
1211 1045 1364 1112 formam:

351 1135 403 1199 sed
423 1134 483 1200 sub
502 1134 598 1200 huius
616 1136 704 1201 modi
723 1134 835 1200 fabula
853 1135 961 1220 Argus
982 1138 1033 1199 est
1051 1135 1175 1200 caelum
1195 1136 1362 1200 stellarum

351 1223 420 1288 luce
442 1223 639 1309 distinctum,
665 1224 782 1308 quibus
805 1225 912 1289 inesse
936 1225 1094 1309 quaedam
1118 1225 1240 1308 species
1264 1226 1364 1290 caele·

327 1312 447 1376 setium
483 1313 613 1378 uidetur
650 1313 826 1380 oculorum.
886 1312 1032 1377 caelum
1070 1315 1178 1376 autem
1216 1311 1416 1398 Argum13

351 1401 458 1465 uocari
481 1402 604 1484 placuit
622 1424 641 1465 a
660 1402 797 1467 candore
821 1404 855 1465 et
876 1401 1059 1484 uelocitate,
1077 1401 1166 1481 παρὰ
1184 1398 1222 1466 τὸ
1242 1401 1363 1466 λευκὸν

350 1485 402 1551 καὶ
425 1489 515 1573 ταχύ.
553 1493 586 1552 et
608 1489 737 1554 uidetur
760 1493 881 1555 terram
902 1489 1039 1575 desuper
1058 1490 1241 1572 obseruare,
1265 1512 1361 1574 quam

351 1575 502 1663 Aegyptii
525 1577 777 1663 hieroglyphicis
801 1578 920 1643 litteris
944 1600 1016 1643 cunr
1036 1577 1218 1663 significare
1236 1580 1362 1661 uolunt,

350 1669 475 1749 ponunt
488 1666 582 1732 bouis
601 1667 748 1753 figuram.
785 1666 814 1731 is
833 1688 911 1753 ergo
931 1667 1072 1731 ambitus
1093 1667 1173 1731 caeli
1192 1665 1362 1732 stellarum

309 1753 522 1820 uoluminibus
541 1758 676 1822 ornatus
697 1759 774 1820 tunc
794 1757 985 1821 aestimatur
1005 1758 1135 1820 enectus
1155 1777 1175 1819 a
1194 1754 1362 1839 Mercurio,

350 1863 419 1908 cum
457 1845 506 1910 sol
544 1844 660 1912 diurno
697 1848 843 1930 tempore
880 1843 1081 1910 obscurando
1120 1843 1228 1909 sidera
1260 1846 1361 1911 ueluti

349 1936 460 1999 enecat
492 1934 525 1999 ui
556 1934 687 2001 luminis
720 1935 771 2000 sui
803 1936 1010 2020 conspectum
1043 1955 1153 2001 eornm
1187 1935 1361 2000 auterendo

350 2022 550 2088 mortalibus.
591 2025 744 2110 pleraque
773 2024 870 2089 etiam
899 2022 1076 2088 simulacra
1103 2021 1256 2088 Mercurii
1284 2046 1360 2110 qua·
1375 2033 1414 2098 14

349 2109 440 2177 drato
460 2116 547 2178 statu
565 2114 748 2201 figurantur
768 2114 837 2178 eolo
857 2113 963 2198 capite
983 2111 1142 2197 insignita
1162 2115 1194 2175 st
1211 2111 1361 2177 uirilibus

305 2219 335 2259 rs
349 2201 471 2286 erectis,
495 2221 577 2285 quse
600 2202 705 2287 ligure
728 2202 893 2287 significat
915 2201 1014 2265 solem
1039 2199 1151 2264 mundi
1174 2221 1245 2264 esse
1263 2204 1360 2284 capnt

348 2291 380 2354 ct
397 2312 503 2354 reruni
523 2293 674 2373 satorem,
696 2312 887 2376 ornncruqnc
907 2289 973 2354 uiru
994 2289 1063 2353 cius
1083 2311 1147 2354 non
1166 2287 1199 2353 iu
1218 2288 1359 2375 quodam

348 2378 523 2445 diuinorum
554 2380 735 2446 ministerio
763 2381 996 2466 membrorum,
1023 2378 1079 2445 scd
1103 2380 1137 2444 in
1160 2379 1230 2445 sola
1253 2381 1360 2445 mente

348 2471 537 2555 consistere,
565 2472 654 2537 cuium
678 2471 769 2536 sodes
793 2471 825 2536 in
849 2471 953 2556 capite
978 2472 1035 2535 est.
1081 2472 1233 2555 quattuor
1256 2470 1358 2536 latera
1374 2477 1413 2543 15

348 2559 459 2625 eadem
479 2562 603 2627 rationo
623 2563 798 2648 tinguntur,
813 2583 876 2646 qua
891 2565 924 2625 et
941 2557 1183 2626 tetrachordum
1198 2559 1357 2626 Mercurio

304 2649 487 2716 accreditur
514 2650 722 2715 adtributum.
771 2649 891 2736 quippe
919 2649 1082 2733 significat
1114 2647 1168 2713 hic
1196 2670 1360 2734 numerus,

347 2739 399 2802 uel
418 2738 552 2804 totidem
572 2740 687 2824 plagas
706 2739 816 2804 mundi
832 2738 882 2802 uel
896 2741 1051 2823 quattuor
1066 2736 1152 2802 uices
1167 2740 1359 2823 temporum,

347 2827 464 2912 quibus
488 2848 591 2893 annus
614 2827 797 2911 includitur,
821 2827 872 2890 uel
893 2824 980 2909 quod
998 2825 1124 2891 duobus
1143 2827 1359 2912 aequinoctiis

347 2914 535 3000 duobusque
558 2916 708 2982 solstitiis
732 2916 854 2980 zodiaci
876 2915 960 2978 ratio
981 2914 1136 2979 distincta
1155 2919 1213 2999 est,
1232 2918 1269 2981 ut
1287 2916 1358 3000 lyra

348 3001 510 3088 Apollinis
526 3004 719 3070 chordarum
739 3007 863 3090 septem
879 3005 929 3069 tot
942 3003 1132 3069 caelestium
1147 3005 1358 3088 sphaerarum

308 3096 453 3158 amotus
481 3097 628 3178 praestat
656 3094 816 3179 intellegi,
843 3093 960 3179 quibus
990 3093 1091 3159 solem
1119 3093 1357 3159 moderatorem

346 3184 461 3248 natura
488 3184 665 3249 constituit.
715 3184 748 3247 in
776 3182 937 3250 Mercurio
966 3183 1069 3249 solem
1097 3183 1160 3248 coli
1188 3184 1286 3247 stiam
1320 3205 1358 3248 ex
1371 3184 1411 3248 16

346 3271 484 3336 caduceo
517 3272 630 3355 claret,
667 3271 753 3356 quod
786 3271 945 3356 Aegyptii
977 3272 1013 3335 in
1045 3272 1150 3356 specie
1183 3270 1357 3337 draconum

346 3359 443 3424 maris
467 3361 500 3424 et
522 3360 659 3425 feminae
683 3361 928 3426 coniunctorum
952 3360 1176 3443 figurauerunt
1199 3358 1358 3425 Mercurio

346 3446 604 3514 consecrandam.
640 3449 675 3514 hi
694 3449 851 3514 dracones
870 3452 963 3533 parte
985 3447 1091 3513 inedia
1115 3448 1289 3513 uoluminis
1308 3448 1358 3513 aui

310 3536 379 3602 uin
410 3537 513 3604 uicem
546 3538 648 3623 nodo,
679 3560 775 3623 quern
808 3540 928 3604 uocant
958 3536 1125 3622 Herculis,
1162 3536 1359 3623 obligantur,

366 3684 373 3690 .
393 3684 459 3691 ...ο--
466 3684 486 3690 -.-
495 3684 530 3690 ....
538 3685 554 3690 -.

413 3784 568 3856 Apelrcem
587 3785 650 3839 BP
704 3785 866 3841 conuarlum
882 3783 917 3840 B'
973 3783 1157 3839 terusmodr
1172 3784 1200 3838 Β
1254 3785 1357 3837 star

343 3891 370 3945 Β
431 3893 505 3946 Text
524 3893 553 3947 Β
615 3893 752 3965 ucgrptq
774 3892 801 3946 P
867 3889 1063 3963 hreroglrlfrcri
1078 3890 1113 3958 P,
1132 3853 1362 3961 haerectiyplncil

343 3963 370 4016 Β
422 3981 485 4019 curn
504 3980 521 4019 s
540 3964 649 4034 Irgnars
669 3969 743 4030 (cum
763 3965 795 4018 in
813 3966 881 4033 ros.)
902 3964 929 4018 P
996 3970 1011 4017 9
1031 3964 1064 4018 nt
1081 3964 1112 4018 tn
1131 3962 1233 4018 uolunt
1250 3964 1282 4016 in
1300 3978 1356 4017 ras.

343 4036 415 4089 r'uP
456 4034 562 4105 cgoP'
611 4041 645 4090 10
657 4032 844 4090 estimatuIB'
894 4041 926 4089 12
938 4035 1116 4107 mcolrumB'
1167 4035 1306 4089 lelrttera
1320 4033 1356 4088 Β

345 4112 377 4230 id
395 4107 566 4232 (eldiiisriiddii1
569 4103 963 4249 9sstPsts’de'anmd'tBbgipiiJ
976 4105 1030 4232 lp'a
1043 4106 1105 4233 P30
1122 4107 1315 4232 Modberdiium
1332 4105 1360 4158 P
