3442 5190
700 801 713 855 1
734 807 838 856 rs-ao
866 801 892 865 n
912 805 981 856 1-4
1286 800 1349 866 251

336 963 433 1028 simul
467 961 589 1045 omnia,
619 963 784 1028 interdum
816 963 901 1029 lenis
931 966 988 1028 aut
1014 965 1156 1028 torrens:
1189 962 1236 1028 sic
1262 965 1352 1029 terra

335 1051 408 1135 ipsa
429 1050 484 1116 hic
506 1051 595 1116 laeta
617 1052 783 1136 segetibus
808 1057 842 1117 et
859 1052 965 1137 pratis
984 1052 1031 1117 ibi
1050 1051 1144 1117 siluis
1165 1054 1198 1116 et
1215 1051 1351 1136 rupibus

336 1138 478 1224 hispida,
505 1139 559 1204 hic
586 1138 672 1205 sicca
698 1140 829 1205 harenis
857 1139 911 1205 hic
938 1138 1061 1224 irrigua
1088 1140 1248 1224 fontibus,
1275 1161 1350 1225 pars

336 1231 430 1292 uasto
450 1227 594 1311 aperitur
610 1229 701 1293 mari.
739 1229 899 1314 ignoscite
918 1250 977 1293 nec
995 1229 1132 1293 nimium
1152 1249 1202 1292 me
1216 1230 1350 1314 nocetis,
1360 1233 1405 1296 20

306 1315 390 1400 eqni
414 1321 552 1380 naturae
574 1339 680 1381 rerum
705 1317 888 1404 Vergilium
911 1317 1096 1400 conparaoi.
1133 1316 1220 1381 intra
1242 1317 1350 1401 ipsum

337 1404 422 1469 onim
445 1404 525 1469 mihi
549 1407 655 1471 nisum
677 1409 736 1489 est,
760 1407 787 1470 si
807 1406 946 1471 dicerem
965 1406 1075 1471 decem
1093 1405 1271 1490 rhetorum,
1295 1405 1350 1491 qui

337 1493 420 1577 apud
440 1493 586 1559 Athenas
606 1494 734 1559 Atticas
758 1493 945 1580 floruerunt,
967 1495 1061 1561 stilos
1084 1495 1170 1559 inter
1192 1516 1227 1559 se
1246 1494 1349 1559 diuer-

337 1603 390 1646 sos
415 1582 501 1648 huno
524 1604 624 1648 unum
647 1581 892 1667 permiscuisse?

425 1670 515 1736 Tunc
546 1670 736 1756 Euangelus
769 1671 916 1736 irridenti
949 1670 1065 1736 similis
1103 1670 1208 1737 ‘bene'
1241 1672 1391 1755 inquitll

298 1785 323 1823 ro
337 1757 456 1845 ‘opifici
482 1759 541 1825 deo
565 1783 585 1825 a
607 1781 680 1825 rure
703 1758 881 1825 Mantuano
906 1763 1035 1845 poetam
1059 1781 1232 1845 conpares,
1252 1781 1350 1846 quem

336 1847 477 1914 Graecos
499 1849 656 1932 rhetores,
679 1871 815 1933 qnorum
839 1849 944 1915 fecisti
968 1849 1175 1933 mentionem,
1197 1871 1259 1914 neo
1282 1870 1349 1915 om-

336 1937 413 2004 nino
436 1937 554 2024 legisse
577 1937 845 2003 adseuerauerim.
891 1936 976 2003 unde
1000 1939 1087 2003 enim
1108 1936 1234 2003 Veneto
1254 1938 1349 2003 rusti·

335 2028 381 2095 cis
405 2028 592 2112 parentibus
616 2031 694 2094 nato
719 2028 803 2093 inter
827 2026 926 2093 siluas
950 2030 984 2092 et
1007 2028 1139 2093 frutices
1161 2026 1278 2095 educto
1296 2027 1350 2094 uel

335 2119 416 2184 leuis
444 2116 639 2184 Graecarum
672 2117 792 2183 notitia
821 2116 1043 2183 litteraroml'
1095 2122 1128 2182 et
1155 2117 1381 2190 Eustathius2

298 2230 322 2270 re
336 2205 436 2271 ‘caue'
459 2206 564 2291 inquit
586 2206 778 2292 ‘Euangele
798 2205 996 2271 Graecorum
1019 2228 1215 2291 quemquern
1239 2207 1350 2271 uelde

336 2295 469 2360 summis
492 2296 678 2360 auctoribus
701 2297 829 2359 tentam
849 2294 992 2359 Graecae
1013 2294 1183 2359 doctrinae
1201 2293 1350 2359 hausisse

335 2384 459 2468 copiam
479 2384 600 2470 credas,
619 2387 777 2469 quantam
795 2382 943 2448 sollertia
961 2382 1106 2449 Maronis
1126 2384 1177 2448 uel
1198 2383 1351 2451 adsecuta

335 2477 397 2556 ost,
429 2474 481 2538 uel
513 2473 547 2539 in
575 2496 633 2539 suo
662 2496 759 2559 opere
787 2472 931 2559 digessit.
982 2495 1059 2537 nam
1089 2476 1217 2558 praeter
1246 2473 1350 2558 philo·
1391 2514 1395 2520 ·

334 2563 466 2649 sophiae
490 2567 523 2628 et
546 2564 764 2629 astronomiae
788 2564 929 2647 amplam
953 2561 1045 2627 illam
1065 2564 1203 2647 copiam,
1226 2563 1267 2628 de
1285 2584 1351 2648 qua

297 2674 434 2737 usupra
453 2652 672 2734 disseruimus,
694 2675 761 2718 non
785 2675 887 2736 parua
911 2655 987 2717 sunt
1010 2653 1084 2736 alia,
1107 2672 1189 2736 quae
1214 2651 1352 2716 traxita

335 2741 465 2806 Graccis
494 2745 527 2805 et
555 2742 691 2806 carmini
720 2762 780 2806 suo
809 2744 976 2824 tamquam
999 2741 1069 2805 illic
1091 2744 1171 2804 nata
1193 2737 1350 2804 inscruit?

335 2832 368 2894 et
390 2829 615 2894 Praetextatus
639 2829 763 2894 ‘oratus
793 2829 849 2893 sis’
873 2829 980 2913 inquit
1003 2828 1183 2912 ‘husathi
1211 2831 1248 2893 nt
1270 2827 1381 2899 haec3

335 2940 461 3002 quoque
480 2918 709 2983 conmunicata
725 2918 894 2983 nobiscum
909 2916 1001 2994 uelis,
1020 2920 1178 3001 quantum
1193 2916 1351 2981 memoria

335 3008 466 3090 repente
502 3007 637 3071 incitata
674 3005 897 3093 suggesserit?
954 3027 1067 3071 omnes
1104 3004 1349 3070 Praetextatum

298 3096 437 3159 assecuti
480 3095 521 3160 ad
562 3094 784 3160 disserendum
826 3094 1037 3160 Eustathium
1079 3097 1349 3178 prouocauerunt.

337 3184 388 3248 ille
412 3183 459 3248 sic
484 3183 602 3266 incipit

424 3269 648 3336 ‘Dicturumne
667 3295 719 3337 me
738 3271 861 3357 putatis
881 3293 928 3354 ea,
947 3293 1030 3356 quac
1049 3270 1150 3356 uulgo
1169 3274 1250 3336 nota
1264 3272 1381 3353 sunt,4

337 3359 421 3442 quod
444 3359 652 3426 Theocritum
681 3361 744 3427 sibi
773 3360 887 3425 fecerit
911 3360 1085 3445 pastoralis
1109 3358 1217 3443 operis
1241 3361 1350 3424 aucto·

337 3470 420 3534 rem,
450 3449 566 3514 roralis
599 3448 792 3531 Hesiodum,
824 3453 858 3513 et
889 3449 976 3534 quod
1008 3448 1043 3513 in
1072 3448 1152 3533 ipsis
1182 3446 1351 3532 Georgicis

298 3551 324 3590 ³⁰
336 3538 540 3623 tempestatis
560 3538 808 3623 serenitatisque
827 3538 923 3622 signa
940 3539 980 3603 de
999 3537 1093 3602 Arati
1111 3536 1351 3602 Phaenomenis

337 3627 480 3711 traxerit,
502 3628 554 3692 uel
577 3629 662 3713 quod
687 3627 887 3694 euersionem
910 3627 1027 3692 Troiae
1051 3648 1123 3691 cum
1148 3625 1268 3692 Sinone
1291 3647 1350 3691 suo

338 3719 371 3781 et
388 3739 471 3801 equo
489 3717 600 3800 ligneo
620 3718 799 3802 ceterisque
817 3717 978 3800 omnihus,
1000 3738 1081 3800 quae
1100 3715 1217 3780 librum
1237 3736 1350 3780 secun-

409 3892 526 3962 oevgrs
543 3892 571 3946 Ρ
637 3898 669 3946 13
688 3889 917 3963 percutieabul
934 3890 962 3944 P
1028 3888 1130 3945 educta
1149 3888 1183 3943 1⁷
1251 3894 1282 3944 17
1302 3889 1350 3944 ad·

339 3965 455 4033 sequuta
472 3965 500 4019 P
551 3969 583 4018 19
602 3963 637 4018 de
656 3981 714 4033 qua
732 3980 783 4019 om.
803 3962 837 4029 P,
856 3962 920 4017 odd.
940 3962 1070 4017 Gontabr.
1125 3966 1160 4015 24
1179 3961 1353 4031 suggesserit

339 4037 479 4092 Bentleiae
498 4036 585 4104 (Mus.
599 4035 686 4090 Rhcra
702 4039 787 4104 1881,
804 4037 882 4092 saal:
905 4032 1045 4087 suffecerit
1058 4032 1108 4102 (P)
1150 4038 1185 4086 25
1202 4031 1311 4101 sequuti
1326 4032 1355 4088 P

340 4114 373 4162 26
402 4109 439 4162 ad
465 4106 517 4161 llle
545 4108 609 4163 add.
639 4106 712 4173 Qvn
732 4103 915 4161 VlllGlhlVS
933 4103 1071 4158 Tnaxlr
1099 4105 1123 4157 A
1148 4102 1278 4160 cunels
1304 4103 1353 4158 rm

339 4184 374 4231 as
393 4178 533 4232 celredum
553 4178 581 4232 P
