3322 5190
328 808 395 874 346
720 807 798 864 SAT.
815 807 914 863 mum
934 807 957 863 V

374 979 504 1051 πρῶτος
526 967 611 1051 λέγω
635 985 687 1032 σοι
710 970 769 1033 τόν
792 990 826 1033 τε
849 977 996 1077 ρρυσοῦν
1019 969 1202 1052 κάνθαρον.

374 1067 489 1133 cotom
513 1057 551 1120 τὸ
574 1060 706 1120 πλοῖον·
730 1053 812 1119 οὐδέ
832 1078 855 1138 μ
888 1051 1006 1130 οἶσθας
1029 1056 1134 1119 ἄθλιε.

279 1177 320 1242 16
376 1175 421 1240 lut
441 1198 534 1241 sacer
556 1177 704 1260 impleuit
726 1176 872 1241 dextram
896 1177 1046 1261 scyphus.

329 1280 499 1365 scyphus
528 1280 678 1346 Herculis
705 1282 857 1367 poculum
886 1286 936 1347 est
963 1283 1010 1347 ita
1037 1288 1074 1347 ut
1102 1282 1208 1347 Liberi
1236 1285 1341 1368 patris

328 1369 513 1437 cantharus.
559 1369 731 1437 Herculem
760 1393 835 1436 nero
863 1370 992 1437 fictores
1021 1382 1146 1437 ueteres
1173 1394 1239 1438 uon
1268 1373 1339 1438 siue
1366 1410 1379 1451 ι

328 1480 426 1526 causa
458 1482 530 1526 cum
563 1462 678 1546 poculo
710 1461 869 1543 feceruut,
901 1466 934 1527 et
964 1484 1029 1526 non
1061 1484 1239 1547 numquam
1269 1484 1339 1528 cas·

328 1549 509 1614 sabundum
534 1555 567 1614 et
590 1550 715 1614 ebrium
738 1570 803 1614 non
828 1550 942 1635 solum,
965 1551 1049 1635 quod
1074 1552 1101 1615 is
1126 1551 1221 1616 heros
1241 1551 1339 1616 bibax

327 1638 428 1702 fuisse
460 1638 660 1723 perhibetur,
697 1639 752 1704 sed
785 1641 883 1704 etium
916 1640 1000 1725 quod
1034 1643 1168 1725 antiqua
1201 1641 1340 1705 historia

328 1733 392 1810 est,
424 1726 598 1792 Herculem
630 1728 746 1813 poculo
778 1733 945 1813 tamquam
972 1730 1103 1813 nauigio
1134 1734 1261 1794 uectum
1292 1730 1339 1794 iu·

278 1816 441 1881 llmensa
468 1817 571 1880 maria
599 1818 764 1881 transisse.
811 1817 865 1880 sed
894 1817 932 1880 de
956 1822 1090 1901 utraque
1114 1839 1148 1881 re
1173 1839 1275 1899 pauca
1299 1840 1338 1881 ex
1354 1853 1380 1892 ω

329 1901 461 1968 Graecis
494 1903 741 1987 antiquitatibus
775 1902 887 1968 dicam.
938 1909 971 1967 et
958 1904 1208 1968 tmultibibum
1239 1905 1340 1969 heroa

329 1992 425 2053 istum
453 1989 567 2073 luisse,
594 1996 631 2055 nt
658 1995 783 2056 taceam
811 1991 1016 2076 quaeuulgo
1040 1996 1229 2075 notescat,
1259 1992 1339 2056 illud

329 2098 394 2142 ιιοιι
427 2078 598 2143 obscurum
632 2082 856 2163 argumentum
890 2087 954 2164 est,
987 2080 1070 2165 quod
1101 2079 1314 2165 Itlplrippus
1305 2102 1338 2144 ιιι

330 2163 480 2231 Busiride
504 2167 627 2232 inducit
650 2165 822 2232 Herculem
847 2168 893 2234 sio
916 2169 1100 2252 loquentem

373 2289 435 2355 οὐκ
459 2285 616 2355 οἶσθα
583 2315 606 2373 μ
639 2293 718 2355 ὄντα
741 2293 823 2374 πρὸς
845 2297 936 2355 θεῶν
964 2292 1149 2374 Τιρύνθιον
1354 2328 1379 2369 15

369 2375 535 2461 Ἀργεῖονς
559 2381 594 2443 οἳ
614 2380 796 2462 μεθύοντες
819 2377 869 2443 ἀεὶ
893 2380 949 2456 τὰς
971 2379 1076 2463 μάχας

373 2465 479 2542 πάσας
501 2466 672 2552 μάχονται.
716 2477 896 2550 τοιγαροῦν
920 2464 1080 2550 φεύγοντ’
1102 2465 1161 2532 ἀεί.

275 2590 316 2672 18
327 2592 378 2652 est
418 2589 518 2653 etiam
554 2588 692 2653 historio
727 2610 793 2653 non
831 2590 911 2654 adeo
947 2590 1131 2672 notissima,
1173 2590 1340 2653 nationem

327 2676 488 2761 quandam
508 2677 676 2743 hominum
696 2676 794 2743 luisse
813 2700 914 2764 prope
932 2677 1121 2744 Heracleam
1142 2679 1182 2742 ab
1198 2676 1338 2742 Hercule

326 2767 537 2832 constitutam
562 2765 807 2852 Cyllarauorum
835 2770 1006 2851 conposito
1034 2770 1164 2833 nomine
1194 2768 1257 2832 ἀπὸ
1281 2778 1378 2853 1532„

326 2857 469 2940 κύλικος,
496 2857 581 2941 quod
605 2858 712 2941 poculi
736 2879 836 2942 geraus
862 2880 921 2923 nos
945 2882 1009 2923 uua
1032 2859 1142 2924 littora
1165 2860 1336 2923 immutata

278 2946 316 3009 19
328 2946 484 3010 calicem
500 2944 646 3010 dicimus.
678 2947 816 3030 poculo
832 2947 1170 3012 autemHeroulem
1186 2950 1336 3010 uectum

330 3034 374 3098 ad
399 3031 590 3119 Ἐρύθειαν,
623 3034 659 3097 id
690 3039 749 3099 est
776 3034 992 3120 Hispaniae
1020 3038 1198 3118 insulam,
1226 3036 1334 3098 naui-

328 3144 441 3207 gasee
478 3130 511 3187 et
548 3121 733 3206 Paurasle,
771 3125 921 3209 egregius
959 3125 1095 3209 scriptor
1130 3122 1336 3204 Graecorum,

327 3210 405 3275 dicit
432 3215 464 3274 et
488 3210 722 3276 Prrnnnornns
751 3216 952 3296 auctorest,
980 3234 1115 3295 quorum
1138 3212 1237 3276 uerba
1262 3212 1335 3275 suli·
1351 3250 1376 3289 ,5

327 3298 401 3363 dere
439 3300 617 3383 supersedi,
659 3301 734 3385 quia
770 3302 922 3384 propiora
960 3304 1035 3364 sunt
1071 3300 1199 3364 fabulae
1237 3323 1335 3384 quam

326 3387 490 3453 historiae.
535 3409 595 3474 ego
621 3395 730 3453 tamen
754 3389 908 3473 arbitror,
935 3411 997 3453 ιιοιι
1024 3391 1137 3474 poculo
1161 3387 1336 3454 Herculem

398 3615 430 3663 15
451 3607 585 3663 Meiuekii
603 3606 702 3678 fragm.
722 3624 792 3663 eom.
812 3607 850 3661 Ill
870 3626 895 3679 p.
917 3615 967 3663 322

399 3814 494 3884 Ιτόν]
516 3816 579 3869 ΓΟΝ
600 3812 628 3867 P
687 3831 718 3868 τε
736 3813 849 3868 Iunias:
869 3815 915 3867 ΔΕ
934 3814 961 3867 P
1027 3816 1164 3882 κάνθαρον
1184 3814 1283 3868 lodus
1302 3832 1336 3869 co

325 3886 477 3940 Athenaeo:
501 3887 590 3939 ΘΛΡΟ
614 3886 642 3939 P
747 3886 894 3956 tutator]
920 3887 1090 3939 ΗΛΟΙΟΝΡ
1194 3886 1337 3939 ΛΘΑΙΕΡ

325 3956 417 4024 tlcrp
418 3955 473 4008 hus
490 3956 516 4008 P
579 3959 725 4010 enectum
747 3956 974 4011 Mediccueeuea.
999 3957 1065 4011 XV:
1086 3956 1179 4009 uenus
1195 3956 1222 4008 P
1282 3973 1335 4009 ιιιι-

325 4026 418 4079 mensa
436 4026 464 4080 P
542 4033 574 4079 16
594 4027 635 4079 del
654 4025 721 4149 τοτὲ
734 4027 845 4080 ΛΕΠΛ(
864 4027 891 4079 Ρ
971 4032 1003 4080 17
1022 4026 1182 4096 τοιγαροῦν]
1202 4028 1335 4080 ΠΟΥΤΑ-

325 4097 393 4151 ΡΟΥ
414 4097 441 4149 Ρ
526 4102 558 4149 21
580 4098 697 4150 ΚΥΛΙΚΡ
723 4096 789 4148 (Ρ
873 4102 906 4148 22
926 4096 1047 4149 diximus
1063 4097 1091 4150 P
1172 4096 1333 4168 ‘ttductul

324 4166 511 4221 ΛΔΕΓΠΗΡΑ
533 4167 559 4219 P
612 4165 801 4235 24pamal't1l
817 4167 844 4221 P
895 4173 929 4221 25
949 4166 1084 4221 ferecides
1102 4167 1128 4220 P
1250 4184 1252 4188 ⁴
