3322 5190
621 1676 792 1745 LIBER
823 1677 1029 1746 SEXTVS

403 1819 467 1886 Hic
493 1819 720 1886 Praetextatus
743 1819 886 1887 ‘mirum'
917 1821 1026 1907 inquit
1051 1820 1097 1886 ‘in
1124 1822 1257 1889 modum
1284 1823 1368 1899 rii-l

316 1908 419 1995 gessit
436 1908 640 1993 Eustatbius,
663 1932 746 1996 quae
769 1910 808 1975 de
826 1909 950 1975 Graeca
974 1911 1170 1996 antiquitate
1193 1913 1329 1979 carmini

317 2019 375 2062 suo
404 1997 570 2083 Vergilius
598 1999 742 2064 inseruit
792 1996 849 2063 sed
877 1998 1097 2080 meminimus,
1130 2000 1217 2064 uiros
1244 2000 1329 2066 inter

316 2107 427 2152 omnes
455 2089 569 2152 nostra
597 2089 703 2151 aetate
726 2087 823 2172 longe
846 2085 1066 2165 doctissimos,
1093 2085 1227 2153 Furium
1251 2087 1329 2155 (tae-

289 2173 925 2346 ⁵32:1thAtttsttttts
949 2175 1328 2349 {Sirttssttttnttt

316 2350 400 2433 quod
423 2371 512 2415 nunc
530 2352 566 2413 ut
584 2351 642 2414 fiat
659 2353 787 2435 tempus
807 2349 981 2415 admonet?
1018 2373 1155 2436 cumque
1174 2352 1325 2419 omnibus
1349 2363 1370 2426 2

315 2437 399 2503 idem
427 2439 582 2524 placeret,
610 2442 678 2504 tum
710 2438 825 2504 Furius
851 2439 990 2505 Albinus
1019 2439 1093 2506 ‘etsi
1121 2463 1249 2526 uereor,
1275 2464 1327 2527 ne,

316 2527 390 2592 dum
428 2528 597 2594 ostendere
629 2528 724 2612 cupio
758 2532 913 2613 quantum
947 2528 1112 2615 Vergilius
1145 2533 1257 2596 noster
1288 2553 1327 2597 ox

276 2645 301 2685 ro
315 2615 532 2703 antiquiorum
559 2617 697 2684 lectione
724 2618 911 2702 profecerit,
940 2621 973 2684 et
1001 2640 1081 2704 quos
1110 2642 1148 2684 ex
1175 2620 1326 2686 omnibus

314 2704 410 2772 flores
437 2707 488 2771 uel
516 2728 598 2791 quae
625 2706 660 2771 in
688 2707 840 2773 carminis
868 2707 918 2772 sui
947 2708 1093 2772 decorem
1122 2730 1161 2774 ex
1186 2708 1324 2774 diuersis

315 2798 506 2860 ornamenta
542 2793 706 2878 libauerit,
742 2795 944 2861 occasionem
982 2794 1235 2878 reprehendendi
1271 2797 1323 2861 uel

313 2881 461 2963 inperitis
480 2883 531 2946 uei
551 2882 703 2967 malignis
723 2883 914 2967 ministrem,
937 2882 1209 2967 exprobrantibus
1228 2886 1322 2948 tanto

313 2965 382 3032 uiro
415 2968 510 3033 alieni
543 2970 787 3052 usurpationem
820 2991 879 3033 nec
895 2969 1206 3054 'considerantibus
1238 2970 1324 3036 hunc

274 3080 298 3122 re
313 3077 382 3120 esse
405 3057 544 3121 fructum
564 3057 691 3143 legendi
713 3058 868 3122 norrruiori
888 3081 935 3141 eo,
953 3080 1034 3142 quoe
1054 3058 1086 3122 iu
1106 3058 1180 3123 aliis
1194 3058 1322 3143 probes,

312 3146 345 3208 et
371 3168 453 3231 quae
481 3147 621 3213 maximo
649 3146 735 3211 iuter
762 3147 899 3212 aliorum
927 3147 1015 3211 dicta
1038 3147 1178 3231 mireris,
1206 3149 1241 3212 in
1264 3147 1321 3214 ali·

312 3256 406 3318 quem
434 3257 528 3300 usum
562 3239 654 3300 tuum
685 3239 868 3321 opportuna
895 3235 1094 3301 deriuatione
1124 3239 1324 3321 conuertere,

311 3322 395 3407 quod
419 3326 453 3389 et
474 3324 578 3390 nostri
602 3327 670 3390 tam
694 3324 780 3391 inter
802 3348 837 3391 se
860 3348 958 3411 quam
981 3324 1151 3391 oGraecis
1169 3329 1204 3391 et
1222 3325 1323 3393 Grae·

311 3434 422 3478 corum
451 3415 642 3479 excellentes
669 3415 755 3480 inter
782 3437 816 3480 se
844 3436 940 3501 saepe
969 3414 1123 3481 iecerunt.
1168 3417 1201 3481 et
1223 3419 1261 3480 nt
1283 3416 1322 3482 de
1345 3425 1366 3490 3

271 3530 297 3571 eo
312 3501 504 3591 alienigenis
526 3506 659 3589 taceam,
682 3525 810 3590 possem
829 3503 977 3590 pluribus
998 3503 1140 3589 edocere,
1164 3508 1322 3590 quantum

311 3615 345 3658 se
382 3599 495 3661 mutuo
532 3595 728 3682 conpileririt
760 3594 976 3663 bibliothecae
1012 3596 1130 3661 ueteris
1162 3597 1322 3682 auctores,

310 3684 395 3768 quod
419 3688 529 3750 tamen
552 3689 733 3771 opportune
756 3687 847 3769 alias,
871 3686 899 3751 si
921 3685 1107 3751 uolentibus
1130 3684 1225 3752 uobis
1248 3687 1321 3767 erit,

310 3773 464 3856 probabo.
511 3796 610 3838 unum
638 3797 724 3840 nuno
751 3774 933 3858 exemplum
960 3774 1137 3859 proferam,
1165 3774 1251 3859 quod
1280 3775 1320 3839 ad

310 3860 478 3942 probanda
496 3884 578 3946 quae
597 3862 711 3928 adsero
731 3885 831 3948 paene
850 3863 998 3928 sufficiet.
1033 3861 1214 3928 Annsurvs
1233 3863 1320 3928 onim
1342 3869 1365 3936 4

328 3979 521 3989 ----.-.-.-.-.

380 4038 473 4090 8tr're
492 4037 520 4091 P
589 4042 622 4090 12
641 4035 775 4091 iruauerrt
793 4037 821 4091 P
891 4035 1126 4104 131mperrtrsl’
1192 4039 1225 4090 14
1243 4033 1319 4089 uiur-

308 4107 468 4174 pationeP
549 4113 582 4162 lc
601 4107 748 4164 *senno
766 4108 794 4162 P
874 4112 905 4161 lt
926 4107 1093 4161 drnuatrone
1113 4105 1141 4160 P
1215 4110 1250 4160 20
1268 4105 1319 4159 air·

307 4194 389 4263 genu
405 4193 443 4249 ιν
498 4199 531 4250 21
551 4178 708 4269 norrotecp
726 4195 754 4249 P
