3442 5190
713 857 752 914 VI
774 865 878 915 rr-us
1261 863 1304 927 27

289 1019 412 1086 duobus
444 1023 546 1107 nupto
577 1020 683 1105 fieret,
715 1044 811 1107 quanr
845 1025 880 1088 ut
909 1023 964 1089 uni
992 1023 1085 1090 duae.
1135 1027 1303 1092 senatores
1314 1030 1359 1095 23

288 1107 506 1194 ingredientes
538 1109 661 1175 curiam
694 1133 776 1195 quae
809 1111 869 1176 illa
896 1111 1068 1179 mulierum
1095 1113 1304 1199 intemperies

288 1200 321 1262 et
348 1198 424 1282 quid
451 1198 514 1263 sibi
541 1199 719 1282 postulatio
747 1200 871 1266 isthaec
898 1201 1000 1267 uellet
1021 1202 1243 1288 mirabantur,
1271 1208 1305 1269 et

288 1290 322 1350 ut
353 1308 419 1351 uon
451 1308 570 1370 paruae
598 1288 645 1352 rei
672 1287 856 1374 prodigium
884 1289 976 1355 illam
1005 1291 1178 1357 uerecundi
1206 1313 1302 1359 sexus

262 1374 468 1461 ,inpudicam
487 1376 649 1440 insaniam
669 1378 898 1461 pauesccbant.
932 1400 1013 1463 puer
1026 1378 1178 1463 Papirius
1197 1380 1357 1463 publi-24

286 1485 357 1528 cum
376 1468 497 1528 metum
515 1463 627 1528 demit.
661 1465 791 1530 namin
811 1467 952 1531 medium
972 1468 1080 1533 curiae
1100 1489 1304 1555 progressus,

287 1551 362 1636 quid
395 1553 458 1635 ipsi
489 1554 594 1616 mater
627 1552 737 1618 audire
769 1554 961 1639 institisset,
993 1556 1071 1640 quid
1103 1557 1202 1621 matri
1230 1557 1303 1641 ipse
1394 1606 1395 1611 η

286 1639 478 1723 simulasset,
501 1640 597 1704 sicuti
621 1640 727 1705 luerat
749 1646 889 1707 enarrat.
927 1648 1061 1708 senatus
1085 1644 1182 1708 iidem
1203 1646 1355 1729 atquc25

285 1726 451 1813 ingenium
478 1728 572 1813 pueri
599 1730 818 1813 exosculatur,
850 1731 1099 1816 consultumque
1126 1731 1220 1815 facit,
1252 1733 1302 1797 uti

260 1816 422 1900 oposthac
454 1816 546 1901 pueri
574 1839 645 1882 cum
676 1818 825 1903 patribus
853 1819 888 1883 in
918 1818 1039 1884 curiam
1066 1842 1108 1884 uo
1136 1819 1304 1886 introcant

287 1909 412 1988 praeter
444 1906 536 1970 illum
568 1927 666 1971 unum
699 1905 877 1991 Papirium.
927 1908 1021 1993 eique
1054 1931 1155 1992 puero
1187 1912 1302 1992 postea

285 1998 533 2080 cognomentum
548 1993 682 2060 honoris
697 1996 806 2082 gratia
821 1996 949 2062 decreto
964 1996 1105 2061 inditum
1119 1997 1302 2063 Praetex-

285 2085 388 2146 tatus
425 2082 467 2148 ob
505 2083 633 2147 tacendi
669 2083 886 2168 loquendique
923 2085 956 2148 in
990 2089 1161 2168 praetexta
1193 2088 1300 2151 aetate

284 2170 495 2254 prudentiam.
526 2170 589 2235 hoc
603 2174 856 2255 cognomentum
875 2175 990 2256 postea
1009 2173 1150 2237 familiae
1166 2178 1297 2239 nostrae
1309 2179 1352 2244 26

252 2257 319 2328 ,in
345 2280 464 2323 nomen
495 2258 610 2323 haesit.
658 2280 726 2324 non
754 2258 850 2323 aliter
879 2259 957 2324 dicti
986 2259 1203 2345 Scipiones,
1235 2260 1299 2326 nisi

285 2347 367 2431 quod
392 2345 612 2431 Cornelius,
639 2347 692 2433 qui
723 2347 945 2434 cognominem
972 2353 1097 2432 patrem
1122 2348 1299 2416 luminibus

285 2440 444 2502 carentem
473 2458 533 2520 pro
560 2436 678 2503 baculo
706 2438 850 2523 regebat,
883 2437 1017 2524 Scipio
1048 2438 1299 2523 cognominatus

285 2546 401 2591 nomeu
434 2549 472 2591 ex
505 2526 696 2611 cognomino
728 2529 868 2611 posteris
901 2527 998 2592 dedit.
1049 2527 1096 2592 sic
1128 2527 1299 2594 Messala

285 2619 372 2699 tuus,
395 2614 534 2698 Aniene,
557 2614 662 2680 dictus
686 2638 706 2680 a
728 2620 941 2703 cognomento
966 2615 1116 2681 Valerii
1140 2616 1298 2682 Maximi

254 2737 271 2773 c
286 2704 348 2789 qui,
361 2707 534 2788 postquam
552 2701 766 2768 Messanam
784 2705 898 2770 urbem
913 2703 1042 2770 Siciliae
1057 2705 1298 2771 nobilissimam

285 2793 382 2876 cepit,
413 2791 581 2856 Messala
603 2791 853 2876 cognominatus
877 2797 936 2857 est
981 2814 1041 2857 neo
1064 2793 1182 2858 mirum
1207 2795 1234 2858 si
1260 2799 1350 2864 ex2'l

285 2879 530 2965 cognominibus
558 2885 637 2944 nata
660 2882 737 2944 suut
758 2880 904 2962 nomina,
931 2903 1006 2945 cum
1029 2885 1144 2946 contra
1167 2885 1201 2946 et
1223 2903 1298 2967 cog·

284 2969 414 3033 uomina
451 2989 490 3032 cx
526 2969 668 3051 propriis
706 2968 773 3032 sint
808 2971 915 3033 tracta
948 2968 1151 3054 nominibus,
1186 2972 1224 3035 ut
1256 2972 1298 3036 ab

284 3055 451 3122 Aemilio
474 3055 731 3138 Aemilianus,
756 3079 775 3121 a
798 3055 969 3123 Seruilio
994 3056 1262 3125 Seruilianus’.

246 3173 273 3214 aa
371 3144 434 3210 Hic
462 3144 601 3210 subiecit
627 3144 789 3210 Eusebius
817 3144 972 3211 ‘Messala
1000 3149 1034 3211 et
1062 3145 1185 3232 Scipio,
1215 3147 1298 3213 alter
1308 3153 1351 3219 28

285 3234 323 3297 de
353 3235 491 3318 pietate,
527 3233 565 3297 de
603 3234 725 3299 uirtute
757 3235 849 3318 alter,
881 3237 919 3300 ut
948 3236 1067 3318 refers,
1104 3236 1299 3321 cognomina

285 3325 500 3405 reppererunt.
540 3321 597 3386 sed
620 3319 792 3406 Scropha
815 3325 848 3387 et
870 3322 1005 3404 Asina,
1028 3344 1112 3406 quae
1136 3324 1214 3388 uiris
1233 3346 1300 3390 non

286 3409 499 3475 mediocribus
522 3413 739 3495 cognomenta
762 3413 853 3495 sunt,
877 3412 954 3477 uolo
977 3411 1065 3476 dicas
1089 3411 1173 3477 unde
1197 3413 1298 3477 conti·

285 3498 398 3582 gerint,
406 3519 477 3563 oum
486 3499 701 3563 contumelias
709 3521 805 3583 quarn
814 3499 930 3565 honori
940 3500 1096 3584 propiora
1105 3499 1299 3565 uideantur'.

245 3616 271 3652 ao
371 3586 454 3651 'l'um
480 3586 537 3652 ille
560 3585 632 3652 ‘nec
659 3587 763 3654 honor
790 3610 851 3653 uec
877 3588 997 3653 iniuria
1024 3587 1081 3652 sed
1104 3610 1198 3654 casus
1221 3589 1350 3665 lecit29

287 3674 363 3740 haec
381 3674 522 3741 nomina.
561 3697 638 3741 uam
659 3672 804 3741 Asines
827 3680 1080 3761 cognomentum
1103 3675 1297 3743 Corneliis

286 3763 394 3829 datum
423 3767 486 3844 est,
514 3764 665 3849 qnoniam
690 3764 841 3849 princeps
865 3765 972 3851 gentis
995 3763 1164 3832 Corneliae
1188 3769 1297 3850 empto

298 3873 440 3968 *silba
458 3912 528 3968 hacc
545 3911 574 3966 Β
629 3912 834 3983 trmpudrcem
856 3913 884 3967 P
937 3912 1066 3984 'lipiab
1129 3918 1162 3968 12
1181 3913 1302 3969 honores

285 3981 360 4056 1³¹,r
379 4002 434 4040 ons
453 3985 554 4041 oddb
611 3988 644 4038 14
662 4001 829 4056 cognomine
844 4001 866 4056 p
920 3990 953 4040 21
973 3986 1069 4056 coepit
1086 3984 1148 4041 ΒΡ
1199 4001 1297 4042 cxom.

287 4083 313 4138 Ρ
364 4088 398 4139 22
417 4070 479 4138 ebra
494 4083 521 4138 Β
577 4089 612 4138 24
631 4083 719 4139 semro
733 4084 800 4154 BP,
819 4085 974 4140 mendcuit
987 4085 1075 4140 editor
1088 4101 1243 4157 ononymos
1256 4084 1296 4140 ed.

287 4160 356 4211 1607
409 4160 444 4210 26
463 4155 497 4210 de
516 4159 581 4211 autc
599 4155 707 4226 pretate
725 4172 776 4212 orrr.
798 4155 834 4212 Β
891 4163 925 4212 29
943 4172 1087 4232 ,pprssora
1105 4157 1134 4213 Ρ
1184 4162 1217 4212 82
1238 4172 1297 4213 cor-

286 4226 374 4282 nulme
392 4226 486 4299 gentil
500 4227 552 4298 (P)
