3322 5190
697 841 750 898 v11
767 848 784 899 9
811 841 876 898 VIII
896 847 965 899 l-t
1167 860 1170 865 ’
1264 842 1330 910 517

317 1003 398 1070 adeo
435 1025 456 1068 a
490 1006 578 1069 metu
614 1003 771 1089 praedicti
807 1005 960 1071 interitus
994 1006 1151 1092 cogitatio
1186 1005 1329 1072 uiuentis

318 1095 429 1176 erepta
447 1096 506 1176 est,
523 1095 561 1156 ut
578 1092 616 1158 ad
633 1092 790 1159 moriendi
809 1092 1004 1160 desiderium
1022 1092 1109 1161 ultro
1130 1094 1331 1161 animaretur

318 1180 486 1246 maiestate
504 1181 685 1267 promissae
700 1181 911 1248 beatitudinis
931 1185 964 1248 et
976 1182 1126 1249 caelestis
1141 1183 1331 1249 habitaculi.

317 1269 373 1335 sed
392 1269 431 1334 de
450 1270 615 1354 beatitate,
634 1293 717 1356 quae
736 1270 871 1336 debetur
890 1271 1176 1338 conseruatoribus
1194 1272 1329 1356 patriae,

276 1384 304 1426 ss
318 1379 420 1443 pauca
447 1357 581 1424 dicenda
605 1363 695 1443 sunt,
722 1362 759 1424 ut
786 1363 901 1445 postea
928 1361 1035 1426 locum
1064 1382 1206 1444 omnem,
1234 1381 1329 1446 quem

317 1446 371 1512 hic
394 1447 597 1514 tractandum
621 1448 814 1534 recepimus,
836 1450 1048 1516 resoluamus.
1094 1450 1183 1516 solae
1205 1448 1360 1516 feciunt3

317 1535 456 1602 uirtutes
493 1538 640 1621 beatum,
677 1537 830 1622 nullaque
866 1538 933 1604 alia
968 1538 1138 1624 qnisquam
1176 1537 1232 1604 uia
1266 1536 1329 1603 boc
1360 1550 1363 1555 '

316 1646 434 1690 nomen
466 1625 664 1709 adipiscitur.
719 1627 803 1691 unde
840 1627 895 1712 qui
927 1627 1102 1692 aestimant
1132 1626 1231 1692 nullis
1264 1626 1329 1691 nisi

317 1711 626 1799 philosophantibus
650 1714 756 1779 inesse
784 1715 937 1797 uirtutes,
966 1715 1074 1780 nullos
1102 1717 1231 1799 praeter
1259 1713 1330 1799 pbi-

280 1801 472 1887 nlosophos
499 1803 616 1868 beatos
644 1824 715 1868 esse
744 1802 966 1888 pronuntiant
1013 1803 1214 1889 agnitionem
1242 1803 1329 1868 enim

318 1912 425 1956 rerum
461 1891 645 1956 diuinarum
682 1892 877 1976 sapientiam
914 1891 1044 1976 proprie
1081 1895 1237 1958 uocantes
1274 1912 1329 1957 eos

317 1981 446 2045 tantum
474 1980 571 2046 modo
605 1980 717 2045 dicunt
744 2001 814 2045 esse
842 1979 1019 2064 sapientes,
1048 1979 1104 2064 qui
1131 1999 1272 2063 superna
1298 1982 1332 2043 et

318 2066 386 2132 acie
415 2069 532 2133 mentis
561 2069 731 2154 requirunt
758 2072 791 2133 et
818 2066 992 2152 quaerendi
1022 2067 1134 2152 sagaci
1162 2066 1331 2152 diligentia

318 2156 585 2240 conprehendunt
602 2158 644 2235 et,
668 2159 825 2242 quantum
849 2154 982 2221 uiuendi
999 2155 1216 2240 perspicuitas
1238 2175 1331 2240 prae·

280 2264 305 2306 rs
319 2245 394 2327 stat,
426 2244 610 2309 imitantur:
642 2247 675 2308 et
704 2245 739 2308 in
770 2244 832 2310 boc
860 2243 930 2310 sola
957 2264 1028 2308 esse
1055 2244 1148 2309 aiunt
1179 2242 1333 2307 exercitia

318 2333 492 2418 uirtutum,
521 2354 656 2418 (lucrum
686 2332 732 2399 sic
763 2332 871 2399 officia
897 2331 1096 2418 dispensant.
1140 2330 1363 2417 prudentiee4

318 2443 390 2488 esse
414 2423 567 2488 mundum
591 2423 691 2490 istum
714 2427 748 2489 et
771 2422 890 2507 omnia,
912 2445 994 2507 quae
1017 2423 1053 2487 in
1072 2422 1192 2488 mundo
1211 2422 1332 2504 insunt,

318 2511 501 2577 diuinorum
521 2512 794 2598 contomplatione
813 2512 976 2598 despicere
995 2533 1188 2598 omnemque
1206 2511 1332 2576 animae

318 2601 550 2685 cogitationem
585 2603 619 2666 in
651 2602 723 2667 sola
759 2601 870 2665 diuina
905 2601 1059 2687 dirigere:
1095 2599 1332 2685 temperantiae

280 2689 429 2753 soomuia
460 2689 632 2774 relinqcrc,
665 2690 699 2753 in
733 2693 890 2774 quantum
923 2692 1042 2754 natura
1073 2690 1211 2773 patitur,
1249 2709 1331 2771 quae

320 2776 465 2859 corporis
483 2799 562 2842 usus
586 2778 734 2861 requirit:
753 2776 952 2843 fortitudinis
971 2798 1036 2841 non
1055 2776 1169 2841 terreri
1188 2775 1331 2841 animam

320 2885 497 2948 acorporc
521 2865 660 2947 quodam
688 2863 783 2930 modo
812 2865 910 2930 ductu
933 2864 1158 2949 philosophiae
1185 2863 1332 2928 receden-

319 2953 395 3034 tem,
419 2974 478 3017 nec
501 2952 705 3019 altitudinem
725 2952 887 3038 perfectae
911 2952 950 3017 ad
974 2973 1116 3037 superna
1134 2950 1332 3017 ascensionis

319 3039 465 3106 horrore:
493 3042 637 3107 iustitiae
668 3043 707 3107 ad
736 3065 833 3108 unam
862 3042 923 3107 sibi
947 3041 1043 3107 huius
1070 3041 1230 3128 propositi
1258 3062 1333 3106 oon·

281 3132 441 3196 assentire
460 3131 548 3197 uiam
567 3133 663 3198 unius
683 3133 836 3218 cuiusque
855 3131 986 3198 uirtutis
1001 3132 1202 3217 obsequium.
1235 3133 1332 3216 atque

319 3221 367 3286 ita
399 3222 448 3304 fit,
485 3224 522 3286 ut
557 3221 733 3287 secundum
770 3222 832 3288 hoc
868 3225 936 3286 tam
973 3221 1099 3308 rigidae
1136 3219 1333 3285 definitionis

320 3310 493 3395 abruptum
518 3332 624 3375 rerum
655 3311 859 3395 publicarum
881 3314 1024 3375 rectores
1052 3309 1142 3375 beati
1169 3330 1240 3374 esse
1267 3329 1332 3373 non

319 3400 453 3484 possint.
500 3400 556 3464 sed
575 3399 754 3466 Pnonrnvs
779 3401 864 3464 inter
882 3398 1110 3486 philosophiae
1133 3398 1365 3482 professoresd

320 3510 392 3553 cum
416 3488 553 3554 Platona
583 3490 734 3574 princeps
763 3507 870 3554 muno
899 3506 947 3553 me
975 3504 1186 3554 vlnuvrmvs
1213 3487 1333 3574 gradus

281 3599 308 3639 m
322 3599 431 3642 earum
458 3600 536 3643 uera
564 3582 598 3643 et
624 3578 768 3643 naturali
797 3577 965 3643 diuisionis
993 3578 1120 3643 ratione
1148 3577 1334 3662 conpositos

322 3687 378 3749 per
393 3666 539 3731 ordinem
554 3667 681 3752 digerit
705 3670 860 3752 quattuor
874 3668 962 3750 sunt,
975 3665 1091 3750 inquit,
1106 3667 1335 3751 quaternamm

322 3826 374 3834 —-

395 3931 407 3980 1
428 3924 547 3980 rutenus
561 3926 597 3982 1²¹
690 3926 897 3983 thabitacuhl
911 3927 947 3982 Β
1037 3932 1054 3983 8
1073 3943 1141 3996 qma
1162 3925 1292 3982 altimant
1309 3925 1337 3980 P

325 4002 358 4051 14
377 3997 586 4064 eomphendunt
604 3999 632 4053 Ρ
707 4003 739 4052 17
760 3998 801 4052 eit
818 3994 854 4054 n
935 4003 999 4054 asts
1017 4014 1113 4054 omnia
1130 4012 1210 4053 masa
1228 4013 1239 4050 1
1257 3997 1289 4052 ts
1307 3997 1336 4051 B

323 4075 358 4123 10
378 4085 405 4123 οι
423 4071 454 4121 in
473 4068 520 4122 οῖῖι
537 4070 637 4124 sne-as.
653 4069 685 4124 tn
699 4069 727 4123 B
780 4074 814 4123 ill
829 4068 896 4124 nini
908 4069 1066 4139 requurtB
1119 4083 1176 4122 non
1189 4069 1294 4123 terrem
1308 4067 1336 4121 B

324 4143 359 4192 14
378 4139 505 4194 consitus
527 4133 565 4192 1¹¹
628 4144 663 4194 16
683 4141 714 4194 ut
728 4155 760 4208 p,
778 4157 797 4194 ιι
816 4139 845 4194 P
904 4146 937 4194 21
957 4139 1199 4210 respublicarum
1218 4139 1261 4208 (tn
1279 4154 1335 4194 rae.

324 4210 381 4275 serit
400 4214 426 4276 ιι)
447 4210 474 4261 Β
529 4215 563 4263 80
582 4209 751 4279 cumpolrtol
766 4210 795 4263 P
845 4214 878 4264 31
898 4211 1018 4278 quatuor
1039 4210 1067 4264 Ρ
