3322 5190
403 794 469 862 478
630 796 745 852 comi.
764 796 804 851 lli
823 796 932 853 SOMN.
953 795 1039 854 SOIP.
1058 796 1157 853 LIBRl
1176 797 1188 851 l

405 957 439 1022 in
462 979 573 1022 ueram
601 957 795 1043 dignitatem
825 960 974 1044 propriae
1001 958 1260 1025 immortalitatis
1288 957 1416 1022 adserta

408 1046 554 1128 sequitur
581 1045 746 1111 dictinctio
775 1047 935 1130 locorum,
963 1068 1045 1132 quae
1078 1047 1162 1111 hane
1189 1046 1291 1110 uitam
1320 1045 1417 1109 relin-

408 1132 583 1216 quentibus
601 1134 724 1218 calogo
743 1135 908 1219 debentur,
928 1156 1024 1219 quam
1046 1133 1108 1199 aibi
1128 1134 1264 1218 quiaque
1278 1131 1417 1197 uiuendo

407 1219 559 1285 sanxerit
608 1222 655 1286 aie
686 1222 720 1285 in
750 1221 873 1308 Gorgia
904 1226 980 1306 poet
1010 1225 1178 1307 peractam
1204 1244 1263 1306 pro
1291 1221 1419 1286 iustitia

410 1306 662 1392 disputationem
681 1307 720 1372 de
738 1309 852 1376 habitu
871 1315 946 1394 poet
964 1331 1081 1394 eorpus
1100 1310 1282 1375 animarum
1301 1307 1419 1373 morali
1444 1325 1458 1365 ε

380 1395 570 1481 'lgrauitate
585 1395 768 1463 Socraticae
782 1399 958 1464 dulcedinis
973 1399 1192 1463 admonemur.
1218 1396 1304 1462 idem
1317 1397 1420 1481 igitur

410 1484 621 1548 obseruanler
640 1489 769 1550 eecutua
792 1486 893 1551 estin
912 1485 979 1551 illia
997 1486 1170 1570 praecipue
1190 1485 1420 1563 uoluminibus,

411 1570 529 1656 quibua
552 1575 674 1638 elatum
697 1574 743 1638 rei
766 1575 913 1659 publicae
936 1574 1141 1640 formandum
1165 1574 1296 1659 recepit.
1344 1594 1420 1637 nam

411 1662 584 1746 postquam
595 1662 812 1747 principatum
826 1663 969 1729 iustitiae
980 1664 1078 1749 dedit,
1091 1663 1263 1748 docuitque
1277 1661 1420 1726 animum

412 1754 490 1834 post
508 1749 627 1815 animal
650 1772 714 1816 non
734 1752 848 1835 perire,
871 1774 928 1837 per
950 1753 1041 1817 illam
1065 1753 1193 1817 demum
1212 1751 1358 1816 fabulam
1381 1786 1418 1795 —
1437 1770 1463 1810 io

413 1839 460 1903 aie
487 1838 574 1903 enim
601 1840 731 1923 quidam
760 1846 877 1906 uoeant
908 1878 945 1887 -
976 1863 1040 1926 quo
1068 1842 1177 1905 anima
1204 1842 1280 1923 poet
1306 1860 1423 1923 eorpus

414 1925 539 2010 euadat,
562 1927 614 1992 uel
638 1927 721 1993 uude
744 1929 784 1994 ad
808 1951 923 2014 corpus
948 1930 1071 2012 ueniat,
1094 1929 1127 1993 in
1150 1929 1213 1993 line
1237 1926 1343 2010 operis
1368 1926 1423 1990 ad·

414 2015 528 2099 ceruit,
556 2020 593 2080 ut
619 2015 762 2081 iustitiae
793 2019 844 2082 uel
872 2017 979 2083 cultae
1008 2016 1186 2103 praemium
1214 2015 1265 2079 uel
1294 2019 1424 2099 spretae

414 2124 552 2188 poenam
594 2105 712 2170 animia
754 2107 872 2191 quippe
919 2105 1157 2172 immortalibus
1203 2103 1423 2189 subiturisque

384 2190 567 2259 8iudieium
595 2194 717 2257 seruari
744 2194 883 2260 doceret.
926 2194 1012 2259 huno
1040 2194 1186 2260 ordinem
1208 2192 1333 2257 Tulliue
1357 2213 1424 2256 nou
1439 2209 1463 2251 u

415 2281 539 2344 minore
562 2280 681 2344 iudicio
704 2303 875 2347 reseruana
902 2305 1000 2366 quam
1028 2283 1158 2368 ingenio
1186 2285 1333 2364 repertus
1362 2286 1424 2344 est:

415 2372 587 2453 postquam
607 2368 641 2432 in
661 2370 749 2434 omni
764 2370 975 2454 reipublicae
994 2370 1062 2435 otio
1081 2391 1119 2435 ac
1133 2369 1265 2455 negotio
1279 2368 1425 2452 palmam

415 2456 559 2522 iustitiae
591 2456 787 2541 disputando
819 2457 920 2541 dedit,
951 2480 1060 2523 sacrae
1093 2457 1325 2522 immortalium
1357 2457 1424 2520 ani·

415 2567 541 2611 marum
570 2545 661 2610 eadee
685 2551 719 2611 et
746 2545 934 2612 caelestium
958 2569 1075 2612 areana
1098 2546 1266 2632 regionum
1296 2545 1330 2609 in
1354 2545 1425 2628 ipae

416 2634 633 2701 consummati
656 2635 762 2718 operia
786 2634 919 2720 fastigio
943 2636 1076 2719 locauit,
1103 2634 1261 2715 iudicans,
1286 2654 1349 2716 quo
1373 2632 1426 2696 his
1440 2652 1467 2690 ao

417 2724 666 2809 peruenieudum
700 2725 751 2788 uel
784 2726 891 2808 potius
924 2725 1148 2789 reuertendum
1178 2724 1233 2806 sit,
1271 2723 1325 2806 qui
1360 2743 1426 2784 rem

418 2814 581 2898 publicam
606 2835 676 2878 cum
701 2813 871 2899 prudentia
895 2815 1018 2880 iustitia
1041 2814 1230 2878 fortitudine
1259 2833 1296 2875 uc
1320 2810 1427 2877 mode·

388 2904 546 2972 tlratione
574 2906 793 2968 traeloueriul.
847 2904 902 2968 aed
931 2906 984 2968 ille
1013 2903 1200 2968 Platonicus
1229 2904 1427 2966 secretorum

419 2994 538 3058 relator
561 2991 608 3056 Er
635 2993 765 3075 quidam
793 2993 923 3057 nomine
951 2992 1027 3074 fuit,
1060 2993 1192 3056 natione
1219 2989 1428 3072 Pamphylue,

419 3082 511 3145 miles
535 3080 655 3161 officio,
679 3082 733 3165 qni
757 3104 828 3145 eum
859 3081 1046 3145 uulneribus
1076 3083 1110 3144 in
1134 3079 1257 3164 proelio
1286 3078 1468 3160 acceptisu

420 3171 523 3233 uitam
556 3169 704 3232 effudisse
736 3171 825 3234 uisus
864 3170 1050 3233 duodecimo
1089 3169 1217 3232 demum
1254 3166 1304 3229 die
1344 3166 1430 3228 inter

420 3263 543 3323 celeroa
573 3280 637 3322 una
660 3264 844 3340 peremptos
869 3258 982 3321 ultimo
1007 3262 1092 3322 eeaet
1114 3254 1322 3320 honorandus
1346 3254 1431 3336 igne,

420 3346 527 3410 subito
548 3367 604 3410 eeu
624 3350 753 3430 recepta
774 3346 882 3409 anima
896 3367 952 3409 eeu
967 3349 1102 3421 retenta,
1122 3342 1272 3428 quicquid
1293 3341 1429 3404 emensis

491 3574 661 3630 dlancrer'·
678 3576 683 3644 Ι
700 3575 727 3627 Ρ
779 3570 914 3627 thabitu
932 3576 964 3625 ot
982 3570 1039 3623 oid.
1056 3586 1087 3638 p,
1105 3567 1248 3620 hab1taP
1297 3573 1432 3635 poetam-

421 3653 499 3702 mun'r
523 3649 639 3704 deletum
662 3648 764 3701 immo?
788 3647 820 3698 in
839 3642 873 3711 P,
897 3642 995 3697 dende
1017 3657 1104 3709 supra
1123 3637 1264 3707 grauitate
1284 3639 1348 3693 add.
1368 3636 1432 3690 tali-

420 3724 479 3776 tate
498 3721 564 3778 odd.
579 3737 601 3790 p
656 3724 885 3773 dummouemur
904 3714 961 3768 BP
1015 3710 1191 3781 cheprlP
1245 3711 1434 3777 llcioeorpl

421 3845 677 3916 corr.cxpr'aB
747 3791 961 3896 wicundeP
1026 3834 1188 3890 alierurtP
1255 3833 1387 3920 ltculpp
1408 3834 1433 3885 B

422 3925 454 3972 14
473 3923 548 3992 ppnc‘a
567 3917 618 3971 PB
676 3923 707 3970 16
727 3918 794 3970 turll
813 3916 834 3983 (1
853 3913 951 3978 deleto)
970 3910 998 3962 Β
1055 3915 1086 3961 lo
1105 3907 1209 3961 iudreu'i
1229 3907 1256 3959 B
1325 3911 1357 3957 18
1377 3921 1433 3956 inni

421 4027 457 4095 Β,
477 4044 545 4080 imm
565 4025 592 4079 P
655 4028 686 4077 19
706 4023 831 4076 archana
849 4020 877 4074 P
933 4024 967 4071 23
987 4018 1148 4070 traetuuer·
1169 4012 1204 4079 P,
1223 3983 1434 4093 tmclauerilil

421 4105 456 4153 ll
475 4096 609 4168 puphrlus
625 4095 677 4149 ΡΒ
732 4100 766 4148 it
787 4091 893 4162 praelio
913 4089 969 4143 BP
1020 4083 1253 4142 ned1edemo1³
1305 4088 1337 4136 27
1359 4084 1441 4136 ultim

423 4171 455 4239 P,
475 4168 592 4222 ultimus
608 4168 635 4221 Β
692 4171 726 4222 28
746 4163 851 4221 *erilis
866 4162 935 4234 (uid.
954 4160 1039 4229 [uisse
1058 4158 1084 4226 e)
1102 4156 1130 4210 P
