3322 5190
764 838 777 890 l
797 841 885 892 5-14
1260 834 1327 898 249

314 1000 383 1086 qnia
409 998 487 1066 fons
514 999 587 1084 quie
615 1001 744 1065 torrens
772 998 858 1083 qnod
886 1019 975 1063 mare
998 1000 1051 1063 tot
1071 996 1225 1064 flactibus
1248 1000 1330 1081 quot

313 1088 504 1245 teuliqmqatqqqiiq
522 1087 717 1154 inundauit?
762 1087 840 1154 cedo
864 1108 951 1152 nnnc
974 1086 1096 1152 siccum
1119 1085 1200 1152 illud
1224 1106 1327 1171 genus
1343 1089 1380 1153 11

355 1301 483 1367 Tamus
506 1305 545 1367 at
567 1304 644 1367 anto
666 1301 782 1366 nolaus
804 1301 933 1366 tardum
957 1302 1179 1384 praecesserat
1201 1320 1329 1385 agmen,

290 1417 303 1459 a
357 1390 476 1474 uiginti
499 1390 592 1456 lectis
616 1390 761 1475 equitum
785 1389 958 1455 comitatus
981 1391 1015 1454 et
1037 1388 1110 1453 urbi

356 1479 553 1565 improuisus
577 1479 682 1544 adest:
708 1478 843 1543 maculis
867 1499 961 1562 quem
984 1476 1142 1542 Thracius
1166 1475 1251 1540 albis

356 1570 469 1651 portat
491 1588 593 1652 equus
616 1566 781 1651 cristaque
804 1566 888 1652 tegit
913 1567 1008 1651 galea
1031 1587 1130 1630 aurea
1153 1564 1261 1629 rubra.
1313 1633 1315 1637 ,

313 1690 374 1756 boc
397 1691 482 1756 idem
506 1713 571 1776 quo
594 1691 685 1757 cultu
709 1713 806 1775 quarn
830 1690 945 1756 florida
968 1688 1125 1772 oratione,
1149 1710 1222 1755 eum
1246 1687 1327 1752 libu-
1341 1689 1382 1752 12

317 1780 388 1864 erit,
410 1779 597 1865 protertur?

282 1934 303 1974 u
357 1906 442 1971 forta
464 1926 556 1970 sacer
579 1904 722 1989 Cybelae
746 1902 891 1970 choreus
914 1904 1058 1989 olimque
1082 1900 1231 1968 sacerdos

356 1993 497 2078 insignis
520 1993 616 2078 longe
641 1993 794 2078 Phrygiis
817 1991 966 2077 fulgebat
988 1992 1023 2057 in
1047 1991 1157 2070 armis,

357 2085 627 2166 spumantemque
655 2081 805 2167 agitabat
832 2103 965 2166 equum,
994 2101 1090 2165 quem
1119 2079 1216 2163 pellis
1240 2080 1330 2143 aenis

356 2171 392 2233 in
413 2170 559 2254 plumam
582 2171 728 2256 squamis
751 2191 831 2233 auro
856 2171 1008 2233 conserta
1032 2168 1174 2253 tegebat.

356 2258 428 2343 ipsc
450 2258 623 2344 peregriua
645 2258 809 2342 fenuginc
833 2258 940 2321 clarus
964 2262 998 2321 et
1020 2259 1111 2321 ostro

281 2374 302 2417 u
359 2347 484 2432 spicula
505 2347 681 2434 torquebat
704 2346 802 2432 Lycio
826 2344 986 2431 Gortynia
1009 2367 1118 2411 cornu.
1137 2394 1171 2410 ..

358 2437 465 2522 pictus
490 2457 549 2501 acu
574 2436 699 2502 tunicas
723 2439 756 2501 et
779 2436 919 2501 barbara
942 2436 1088 2520 tegmina
1111 2455 1250 2499 crurum.

314 2560 371 2627 sed
398 2562 479 2627 baec
507 2561 637 2647 quidem
665 2561 750 2626 inter
777 2583 812 2627 se
840 2562 992 2645 separata
1015 2564 1101 2625 sunt.
1147 2559 1198 2624 uis
1222 2561 1330 2623 autem
1344 2560 1384 2625 13

315 2650 433 2735 uidere,
456 2671 551 2737 quem
576 2650 616 2714 ad
640 2651 770 2716 modum
791 2651 871 2717 haec
894 2652 1049 2736 quattuor
1068 2670 1187 2735 genera
1206 2648 1330 2714 dicendi

316 2739 481 2827 Vergilius
514 2740 583 2824 ipss
615 2740 811 2824 permisceat
843 2743 877 2804 et
908 2738 1011 2804 iaciat
1039 2760 1140 2803 unum
1168 2737 1330 2822 quoddam

280 2851 353 2899 ucx
386 2830 476 2895 omni
509 2828 700 2894 diuersitate
732 2828 988 2913 pulcherrimum
1016 2827 1331 2911 temperamentum?

359 2974 457 3037 saepe
480 2951 580 3017 etiam
604 2953 730 3017 steriles
753 2953 923 3019 incendere
948 2950 1070 3035 profuit
1093 2972 1189 3035 agros
1344 2951 1385 3015 14

359 3043 458 3126 atque
485 3041 592 3106 leuem
619 3041 776 3125 stipulam
800 3040 1038 3126 crepitantibus
1062 3060 1154 3103 urere
1177 3038 1331 3104 flammis:

359 3130 429 3194 siue
453 3129 528 3194 inde
552 3129 696 3195 occultas
720 3131 805 3196 uires
829 3136 862 3194 et
884 3129 1006 3214 pabula
1029 3132 1136 3192 torrae

359 3217 495 3304 pinguia
517 3218 714 3303 concipiunt,
737 3219 806 3282 aiere
829 3218 897 3283 iltis
921 3238 1017 3281 omne
1042 3237 1099 3300 per
1122 3216 1231 3299 ignem

280 3336 303 3377 a
360 3306 553 3390 excoquitur
576 3307 700 3390 uitium,
724 3309 822 3391 atque
847 3306 966 3370 exudat
989 3302 1114 3369 inutilis
1138 3304 1263 3385 humor,

361 3414 418 3459 sen
441 3394 550 3477 plores
574 3394 663 3459 calor
687 3394 740 3459 ilic
765 3395 835 3459 uias
859 3397 892 3457 ct
914 3415 1011 3458 caeca
1033 3391 1159 3456 relaxat

362 3483 571 3568 spiramenta,
593 3505 696 3550 nouas
719 3484 831 3549 ueniat
853 3504 918 3568 qua
937 3504 1033 3546 sucus
1057 3481 1092 3545 iu
1115 3480 1243 3564 herbas,

388 3720 405 3767 4
424 3713 493 3769 sen.
513 3712 590 3768 vuu
609 3718 644 3769 u
701 3719 734 3769 ro
751 3713 790 3769 ie.
808 3712 847 3766 x1
866 3717 917 3768 ue
973 3717 1006 3765 er
1026 3712 1126 3782 oeorg.
1146 3710 1158 3764 1
1177 3715 1212 3767 es

316 3841 530 3853 ’.ηιμ-’,ι-

389 3926 551 3981 territuri
580 3926 638 3981 uid.
657 3927 744 3994 faisse
762 3925 803 3994 et)
822 3925 850 3979 P
905 3923 1133 3993 teloquutroms
1150 3923 1178 3977 P
1239 3924 1332 3978 61η-

317 3997 377 4053 crus
392 3999 421 4052 P
491 3996 569 4052 tori
614 4013 668 4066 qus
692 3997 766 4067 tegat
788 3995 871 4065 galea
894 4012 980 4050 aranea
1002 3995 1093 4049 rubra.
1131 3994 1185 4047 hac
1209 3994 1257 4049 ads
1277 4011 1333 4063 quo

317 4068 395 4125 cultu
413 4071 519 4139 iamper
536 4069 690 4123 uersiculos
708 4072 832 4137 (praeter
851 4070 902 4135 cn)
918 4069 950 4121 in
968 4083 1022 4121 ros.
1042 4067 1073 4121 iu
1090 4064 1118 4118 P
1172 4070 1205 4119 10
1220 4064 1333 4119 choreai

320 4137 355 4194 P'
432 4143 462 4194 11
488 4137 582 4209 tngth'
605 4139 632 4192 P
685 4143 718 4193 13
742 4155 771 4193 rn
795 4138 910 4209 piamen
935 4134 1056 4207 squamus
1076 4137 1139 4191 odd.
1161 4137 1334 4206 Cantabria,

317 4227 367 4268 om.
389 4211 418 4266 P
471 4215 504 4265 lt
524 4212 590 4265 lrcro
607 4211 733 4280 gortinus
750 4210 777 4263 P
