3322 5190
636 747 702 802 xlll
722 751 827 803 lt-lt
853 748 932 803 XItII
951 753 1021 803 1-4
1272 749 1337 815 199

318 906 519 994 leporario
560 907 774 975 condant
764 932 803 975 ιιι
839 909 971 976 eaueis
1008 912 1046 975 et
1081 910 1168 976 loco
1205 911 1338 977 clauso

322 997 473 1063 iaciant
501 997 675 1083 pingues.
728 998 808 1065 sicui
837 985 905 1064 hoe
929 998 1046 1064 miram
1075 998 1218 1104 uidetur,
1251 999 1391 1086 qnodlb

323 1085 370 1151 ait
387 1084 493 1152 Varro
517 1086 644 1173 lepores
667 1088 776 1154 aetate
798 1088 857 1153 illa
880 1087 996 1154 solitos
1020 1087 1176 1173 saginari,
1199 1088 1339 1173 accipiat

325 1175 417 1261 alind,
440 1175 527 1261 quod
547 1175 669 1242 maiore
688 1176 903 1243 admiratione
923 1178 968 1243 sit
990 1177 1135 1264 dignam,
1158 1177 1337 1244 cochleas

300 1227 538 1351 usagibatas,
566 1265 651 1369 quod
679 1264 763 1331 idem
788 1264 938 1332 Varro'
928 1288 963 1331 ιιι
986 1266 1097 1333 eodem
1121 1266 1206 1333 libro
1229 1267 1336 1333 refert

325 1354 422 1418 uerba
438 1352 513 1439 ipsa
532 1376 586 1439 qur
605 1356 695 1420 nolet
718 1355 835 1442 legere,
859 1355 914 1421 ubi
938 1377 1091 1441 quaerere
1114 1355 1231 1421 debeat
1253 1355 1337 1422 indi-

326 1442 402 1509 caui.
437 1466 541 1529 neque
561 1465 622 1530 ego
641 1466 726 1511 nune
744 1445 930 1533 antiquitati
949 1467 1011 1512 nos
1029 1444 1257 1530 praeferendos
1280 1446 1336 1511 uel
1349 1447 1388 1513 16

326 1534 556 1617 comparandos
584 1533 671 1618 dieo,
702 1533 756 1598 sed
779 1535 933 1618 respondi
956 1535 1143 1621 obiurganti
1166 1533 1257 1600 Horo
1275 1533 1334 1617 ad·

326 1642 431 1687 serens
452 1622 501 1687 uti
521 1642 572 1687 res
590 1621 699 1707 habet,
722 1623 878 1688 maiorem
897 1622 963 1688 illis
986 1622 1124 1690 saeculis
1148 1622 1336 1688 deliciarum

293 1733 314 1774 ιι
324 1730 430 1775 curam
452 1708 555 1776 inisse
580 1733 677 1796 quam
700 1709 835 1778 nostro!

407 1796 553 1866 Subieeit
565 1798 681 1866 Furius
696 1798 845 1885 Albinus,
869 1801 1073 1886 antiquitatis
1096 1822 1163 1866 non
1177 1798 1389 1867 minusXIIH

323 1910 416 1972 quam
439 1888 578 1957 Caecina
600 1889 762 1976 peritus
769 1891 869 1956 miror
892 1889 942 1956 te’
966 1890 1072 1975 inquit
1096 1889 1241 1973 Albine,
1270 1911 1335 1956 non

306 1977 482 2075 retulisse,
511 1982 633 2064 quanta
659 1980 724 2044 iltis
752 1978 922 2044 affluentia
945 1980 1144 2044 marinarum
1169 1979 1335 2063 procurari

306 2055 415 2129 solita
442 2065 540 2132 fuerit
567 2066 748 2152 copiarum,
776 2067 867 2132 onius
897 2068 1003 2132 relatu
1027 2068 1201 2131 maximam
1226 2067 1335 2131 conni-

286 2174 310 2215 ιι
322 2173 445 2217 ιιιοιιιιιι
473 2157 658 2220 nostrorum
686 2154 896 2220 sobrietatem
924 2153 1080 2219 doceres'.
1134 2157 1168 2219 et
1194 2152 1335 2220 Caecina

322 2238 460 2325 proier'
478 2241 618 2327 inquit
626 2243 660 2307 in
681 2242 831 2327 medium,
854 2264 936 2328 quae
956 2242 994 2307 de
1013 2242 1074 2307 hae
1094 2264 1221 2327 quoque
1239 2244 1334 2328 parte

322 2330 403 2395 lectu
430 2329 625 2415 corriperisti.
672 2332 758 2396 ultra
788 2354 900 2397 omnes
930 2332 1013 2396 cuim
1043 2331 1148 2418 polles
1178 2331 1335 2398 momoria

321 2420 517 2485 uetustatis'.
564 2425 598 2485 ct
615 2421 731 2487 turries
751 2423 796 2486 sic
815 2422 981 2508 ingressus
1005 2427 1056 2486 est
1079 2419 1242 2486 ‘uetustas
1266 2421 1365 2507 qui-2

321 2509 390 2574 dem
423 2510 518 2577 nobis
551 2534 692 2598 corriper,
724 2511 752 2577 si
782 2512 939 2598 sapimus,
971 2511 1134 2577 atterenda
1165 2512 1223 2578 ost.
1277 2510 1334 2576 illa

282 2599 439 2685 :oquippe
458 2601 586 2666 saecula
606 2606 692 2684 aunt,
714 2623 796 2686 quae
819 2602 881 2668 boc
904 2601 1074 2685 imperium
1098 2600 1150 2665 uel
1173 2599 1333 2684 sanguine

321 2688 372 2753 uel
391 2688 507 2753 sudore
526 2693 732 2775 pepererunt,
754 2690 839 2774 quod
858 2712 923 2756 non
943 2689 1006 2754 nisi
1029 2690 1187 2755 uirtutum
1211 2690 1334 2754 iaceret

322 2778 452 2841 ubertas
488 2777 559 2861 sed,
596 2777 682 2862 quod
718 2778 885 2843 fatendum
919 2782 981 2861 est,
1019 2778 1051 2841 in
1085 2778 1143 2843 illa
1175 2778 1333 2843 uirtutum

321 2863 497 2929 abundatia
516 2865 605 2930 uitiis
624 2888 751 2951 quoque
770 2871 859 2931 aetna
878 2865 937 2930 illa
956 2887 1021 2931 non
1042 2866 1155 2948 caruit,
1179 2865 1332 2951 equibus

320 2974 384 3017 uon
412 2953 503 3018 nulla
531 2958 645 3020 nostro
674 2957 803 3021 saeculo
832 2977 957 3020 morum
988 2955 1164 3020 sobrietate
1188 2955 1333 3021 correcta

283 3064 308 3103 ιι
320 3045 402 3107 sunt
448 3045 481 3107 et
495 3042 534 3108 de
553 3043 630 3109 luxu
650 3043 779 3129 quidem
799 3044 887 3110 illius
907 3045 1062 3129 temporis
1082 3043 1169 3109 cirea
1188 3043 1363 3118 marinas3

320 3132 428 3216 copias
461 3132 567 3198 dicere
600 3134 819 3219 institueram,
851 3134 906 3200 sed
939 3134 1016 3219 quia
1048 3134 1082 3199 in
1115 3133 1331 3199 adsertionem

320 3224 449 3287 nostrae
472 3221 708 3288 emendationis
732 3224 798 3289 alia
820 3246 859 3289 ex
883 3224 957 3288 eliis
980 3222 1176 3309 proferenda
1199 3244 1233 3288 se
1257 3243 1331 3375 suff·

320 3314 449 3395 gerunt,
477 3310 516 3375 de
543 3311 687 3395 piscibus
714 3335 781 3377 ιιοιι
809 3314 926 3378 omitto
955 3313 1011 3378 sed
1035 3313 1163 3398 differo,
1193 3310 1269 3375 dum
1314 3331 1331 3375 e

321 3399 383 3462 alia
405 3398 556 3500 lasciuia,
578 3421 642 3484 qua
665 3422 751 3464 nunc
775 3423 934 3484 caremus,
959 3402 1124 3466 admoneo.
1172 3399 1223 3464 dic
1246 3399 1364 3471 enim4

280 3507 308 3546 ao
323 3484 420 3571 tiore,
448 3486 504 3570 qui
533 3488 759 3573 antiquitatem
788 3490 884 3554 nobis
913 3489 1029 3573 obicis,
1059 3491 1134 3553 ante
1163 3488 1254 3553 cuius
1277 3487 1334 3551 tri·

320 3574 449 3640 oiinium
483 3575 580 3641 modo
614 3576 814 3641 saltatricem
847 3578 899 3642 uel
931 3577 997 3643 salt
984 3582 1120 3643 tatonem
1152 3579 1184 3641 te
1212 3575 1333 3642 uidisse

390 3766 516 3822 lconda
536 3767 570 3837 P,
608 3767 730 3822 nondam
749 3768 777 3822 Β
865 3767 1003 3824 tisanam
1023 3767 1057 3823 1⁷
1061 3770 1089 3823 B
1174 3767 1334 3852 taccrprat

320 3836 387 3893 illud
405 3838 434 3892 P
507 3785 654 3894 resciens
669 3839 703 3907 P,
721 3839 843 3894 clooleai
856 3840 885 3894 Β
962 3842 1062 3895 'lein
1080 3857 1113 3895 nc
1131 3841 1164 3895 ta
1180 3855 1235 3895 ras.
1255 3839 1287 3893 in
1307 3837 1335 3892 P

320 3907 512 3965 camerarum
535 3908 570 3964 Β
663 3915 850 3966 lunonem
868 3907 903 3965 B'
996 3917 1029 3967 tc
1053 3915 1192 3966 mannam
1216 3926 1268 3966 om.
1293 3903 1331 3964 P'

322 3984 352 4035 14
370 3981 476 4037 inerint
494 3975 530 4036 Β
595 3981 722 4036 relaxatu
741 3981 769 4035 P
831 3987 863 4037 17
884 3982 983 4038 omnes
997 4000 1047 4038 om.
1064 3980 1098 4037 P'
1170 3987 1202 4037 18
1224 3980 1288 4036 *irc
1307 3979 1336 4035 P

320 4056 351 4105 21
370 4051 528 4107 iaceret-
547 4058 582 4108 tt
601 4053 738 4107 uirtutum
757 4054 892 4107 adda
842 4055 892 4109 Bm
959 4059 993 4108 tt
1013 4069 1085 4109 nunc
1104 4055 1178 4109 artant
1195 4049 1230 4106 Β
1298 4056 1333 4105 tt

301 4124 473 4180 'adsertiond
492 4123 521 4179 P
572 4130 606 4178 27
627 4122 681 4178 se*
701 4124 729 4177 P
783 4129 816 4178 29
836 4140 912 4179 enim
931 4140 980 4180 oro
999 4142 1049 4195 qur
1066 4126 1094 4179 Β
