3442 5190
545 787 610 842 XXI
628 793 734 843 ac-at
759 786 837 842 XXII
858 794 925 844 1-a
1176 788 1238 853 121

314 947 498 1035 Scorpius
521 951 621 1034 totus,
644 948 678 1015 in
702 971 765 1035 quo
785 948 887 1014 Libra
910 952 968 1033 est,
991 953 1143 1014 naturam
1162 950 1294 1026 sclis25

227 1038 439 1124 imaginatur,
476 1037 531 1124 qui
567 1038 674 1103 hieme
705 1038 880 1122 torpescit,
916 1039 950 1102 et
981 1040 1149 1104 transacta
1180 1038 1241 1104 hac

229 1128 372 1192 aculeum
395 1148 506 1192 rursus
529 1127 628 1214 erigit
650 1127 683 1191 ui
708 1149 775 1210 sua,
798 1126 923 1191 nullum
945 1128 1063 1192 natura
1086 1125 1239 1192 damnum

230 1237 265 1281 ex
288 1216 425 1281 hiberno
448 1218 578 1300 torpore
601 1237 763 1301 perpessa.

205 1327 218 1368 c
316 1302 573 1391 Sagittarius,
601 1306 656 1391 qui
685 1304 829 1371 omnium
856 1303 981 1370 zodiaci
1004 1303 1239 1371 domiciliorum
1252 1316 1295 1381 26

232 1394 313 1461 imus
342 1398 439 1481 atque
467 1397 648 1480 postremus
677 1398 741 1475 est,
768 1393 842 1460 ideo
866 1415 904 1459 ex
927 1393 1059 1460 homine
1082 1394 1242 1460 inferam

231 1489 287 1570 per
317 1484 463 1550 membra
495 1485 676 1569 posteriora
713 1483 901 1571 degenerat,
938 1484 1033 1569 quasi
1068 1484 1243 1570 postremis

231 1574 377 1659 partibus
400 1574 467 1640 suis
491 1597 511 1639 a
533 1574 660 1659 superis
683 1575 718 1639 in
742 1575 868 1639 inferna
894 1573 1060 1658 detrusus,
1087 1574 1243 1660 sagittam

232 1666 340 1728 tamen
367 1663 459 1749 iacit,
486 1665 571 1748 quod
599 1663 733 1748 indicet,
760 1667 839 1728 tunc
863 1685 991 1748 quoqne
1018 1662 1243 1728 uniuersorum

187 1772 218 1814 ro
232 1755 379 1818 constare
403 1752 507 1817 uitam
530 1751 620 1818 radic
644 1753 722 1818 solis
745 1753 797 1817 uel
817 1752 858 1817 ab
879 1752 945 1816 ima
964 1755 1056 1836 purte
1075 1750 1243 1817 uenientis.

317 1839 578 1927 Capricornus
616 1842 656 1906 ab
694 1841 828 1906 infernis
865 1840 1014 1926 partibus
1053 1840 1094 1905 ad
1127 1861 1244 1924 supera

230 1931 333 1996 solem
356 1931 510 1995 reducens
534 1952 652 2014 caprae
673 1934 824 1995 usturam
849 1930 978 1996 uidetur
998 1929 1131 2014 imitari,
1155 1952 1246 2015 qnae,

230 2018 306 2084 dum
328 2019 472 2104 pascitur
495 2019 536 2083 ab
560 2020 634 2084 imis
657 2019 817 2105 partibus,
840 2041 968 2104 semper
990 2019 1245 2103 prominentium

230 2108 434 2191 scopulorum
458 2108 526 2171 alta
548 2108 700 2191 depascit.

178 2213 217 2256 rs
319 2194 512 2278 Aquarius
531 2217 640 2259 nonne
659 2196 763 2278 ipsam
782 2195 850 2258 uim
870 2195 948 2258 solis
963 2195 1129 2259 ostendit?
1161 2193 1244 2258 nude
1255 2202 1296 2267 27

231 2283 317 2348 enim
338 2281 441 2347 imber
460 2282 590 2347 caderet
607 2284 641 2346 in
660 2285 773 2361 terres,
787 2282 850 2347 nisi
870 2281 947 2346 solis
967 2283 1055 2346 calor
1074 2280 1114 2346 ad
1129 2302 1246 2365 supera

231 2373 377 2436 traheret
399 2393 555 2453 urniorum,
578 2371 669 2437 cuius
693 2370 814 2435 retrusio
839 2369 991 2456 pluuialis
1015 2373 1066 2436 cst
1086 2370 1201 2456 copia?

322 2461 362 2525 lu
398 2461 514 2527 ultimo
552 2461 663 2526 ordine
700 2460 822 2526 zodiaci
860 2459 992 2526 Pisces
1029 2461 1128 2526 locati
1161 2463 1247 2542 sunt,

233 2573 312 2637 qnos
337 2552 541 2616 consecrauit
564 2551 624 2616 soli
648 2572 714 2616 non
737 2551 848 2634 aliqua
870 2551 1006 2614 naturae
1029 2571 1106 2614 suae
1134 2549 1247 2635 imagi-

184 2659 220 2703 ευ
232 2641 332 2725 natio,
351 2647 388 2705 ut
406 2642 522 2724 cetera,
545 2640 601 2705 sed
625 2639 800 2705 ostentatio
819 2639 984 2724 potentiae
1003 2638 1127 2723 sideris,
1145 2660 1165 2703 a
1183 2660 1246 2724 quc

231 2731 302 2795 uita
331 2751 397 2795 non
429 2728 532 2794 solum
566 2729 662 2793 aeriis
690 2728 890 2812 terrenisque
923 2727 1119 2793 animalibus
1151 2728 1247 2792 datur

231 2818 287 2884 sed
307 2818 374 2883 illis
393 2839 520 2901 quoque
539 2838 677 2901 quorum
696 2816 902 2881 conuersatio
921 2815 1013 2901 aquis
1033 2838 1139 2881 mersa
1157 2816 1249 2880 uelut

232 2929 251 2971 a
283 2907 461 2990 conspectu
493 2905 573 2971 solis
605 2905 722 2970 exulat.
779 2907 872 2968 tanta
911 2910 961 2968 est
992 2905 1042 2969 uis
1078 2904 1175 2986 solis,
1211 2908 1249 2968 ut

233 2995 385 3062 abstrusa
408 3017 536 3081 quoque
560 2992 759 3080 penetrando
783 2993 936 3058 uiuificct.

192 3104 219 3144 ss
320 3084 366 3148 Et
387 3088 426 3148 ut
440 3083 479 3148 ad
500 3083 580 3149 solis
599 3083 812 3167 multiplicem
831 3084 1029 3168 potestatem
1048 3082 1194 3147 reuolua-
1205 3079 1301 3145 XXII

232 3175 286 3237 tur
309 3172 428 3251 oratic,
452 3171 642 3256 Nemesis,
668 3193 749 3257 quae
773 3176 887 3236 contra
910 3171 1098 3254 superbiam
1122 3169 1249 3252 colitur,

233 3259 311 3345 qnid
334 3259 423 3324 aliud
447 3264 497 3324 est
520 3283 617 3345 qnam
641 3261 720 3325 solis
743 3262 903 3345 potestus,
930 3259 1020 3323 cuius
1043 3261 1108 3323 ista
1130 3262 1250 3323 natura

235 3351 294 3433 est,
317 3352 354 3412 ut
376 3348 536 3431 fulgentia
558 3348 710 3413 obscuret
732 3352 766 3412 et
789 3347 975 3430 conspectui
995 3347 1132 3431 auferat,
1154 3368 1250 3431 quae·

235 3459 297 3522 que
320 3439 397 3502 sunt
419 3437 454 3500 in
473 3436 612 3502 obscuro
636 3437 817 3521 inluminet,
840 3438 1020 3519 offeretque
1039 3435 1250 3521 conspectui?

198 3548 223 3588 eo
323 3525 400 3592 Pan
424 3526 503 3611 ipse,
526 3549 621 3611 quem
645 3529 764 3591 uocant
787 3525 936 3607 Inuum,
960 3525 1019 3590 sub
1044 3525 1106 3590 boc
1125 3524 1279 3606 babitu,2

236 3638 299 3702 quo
328 3616 484 3701 cernitur,
511 3615 614 3682 solem
643 3638 678 3681 so
706 3637 777 3681 esse
800 3613 1067 3701 prudentioribus
1090 3612 1252 3699 permittit

268 3761 448 3769 ann—..auo-

306 3844 437 3914 acapna
457 3843 486 3898 P
532 3845 693 3916 ttemporo
712 3843 740 3897 Β
786 3842 972 3910 bleccdracr
992 3843 1020 3897 P
1063 3841 1254 3912 tpoltremul

235 3915 265 3970 P
335 3919 368 3969 10
390 3913 547 3970 *constare
571 3916 600 3970 Β
673 3919 706 3968 14
730 3913 856 3986 deposcit
879 3911 916 3967 B'
992 3919 1024 3968 17
1043 3914 1188 3968 humorem
1207 3913 1253 3967 bP

238 4026 270 4076 19
289 4021 412 4076 imitatio
433 4020 461 4075 P
522 4025 557 4075 20
574 3999 607 4076 lt
625 4022 652 4076 Β
711 4027 745 4075 23
765 4021 875 4075 exultat
893 4021 920 4073 Β
981 4019 1018 4073 ub
1037 4016 1072 4074 B'
1133 4023 1168 4071 25
1187 4024 1251 4072 onte

237 4094 267 4146 et
280 4093 344 4148 odd.
360 4095 396 4147 δΕ
411 4091 578 4147 ΝΕΜΕΒΙΒ
622 4091 945 4147 ttoratrouemellrlP
987 4088 1250 4157 toarrtepauadd.

237 4164 273 4217 δΕ
288 4163 409 4218 invio
425 4164 597 4233 (insuescit
612 4164 647 4229 V)
662 4162 690 4216 B
726 4179 841 4217 rnunnm
856 4163 884 4216 P
918 4161 1035 4216 abrtnP
1069 4163 1101 4214 31
1113 4158 1251 4228 pmrttrB
