3322 5190
727 830 765 887 vl
785 835 889 887 rr-re
1251 830 1315 897 391

346 993 393 1058 Vt
425 995 584 1077 sceptrum
618 990 681 1056 boc
710 1027 748 1039 -
779 992 892 1057 dextra
924 994 1087 1077 sceptrum
1120 1012 1197 1057 narn
1229 991 1315 1057 forte

345 1189 522 1255 numquam
545 1166 659 1233 fronde
683 1167 758 1233 leui.
1049 1080 1183 1166 gerebat
1208 1116 1247 1128 .-

305 1295 339 1358 et
357 1294 416 1360 illa
438 1292 575 1358 mutatio
598 1291 842 1378 elegantissima
864 1295 929 1376 est,
952 1295 989 1359 ut
1012 1292 1051 1360 de
1073 1314 1137 1380 qno
1161 1292 1315 1380 loqueba·
1327 1292 1370 1360 14

277 1386 370 1467 stur,
391 1382 500 1449 subito
525 1381 565 1446 ad
588 1381 696 1466 ipsum
721 1382 821 1447 uerba
844 1385 1048 1449 conuerteret

347 1510 382 1573 ut
404 1508 491 1573 bello
515 1506 663 1593 egregias
687 1505 772 1573 idem
796 1505 960 1573 disiecerit
982 1508 1093 1590 urbes,

346 1596 539 1683 Troiamque
562 1595 815 1682 Oechaliamque
838 1599 872 1663 et
894 1596 992 1663 duros
1016 1597 1104 1663 mille
1126 1598 1257 1664 labores
1324 1612 1327 1618 '

346 1707 421 1771 rege
445 1684 505 1751 sub
529 1685 714 1770 Eurystheo
738 1685 817 1751 satis
840 1684 974 1752 Iunonis
998 1685 1129 1773 iniquae

347 1774 517 1860 pertulerit
539 1777 577 1841 tu
599 1775 781 1860 nubigenas
804 1774 925 1841 inuicte
949 1773 1145 1841 bimembres

264 1926 291 1966 ro
304 1902 338 1965 et
359 1900 493 1985 reliqna.
538 1901 597 1966 illa
620 1922 697 1967 uero
720 1899 920 1966 intermissio
1330 1901 1372 1969 lb

347 2045 428 2108 qnos
456 2045 517 2110 ego
540 2061 585 2071 -
608 2024 664 2089 sed
692 2026 798 2090 motos
821 2025 968 2107 praestet
992 2045 1175 2110 conponere
1197 2024 1317 2091 fluctus

304 2149 411 2210 tracta
443 2151 493 2210 est
525 2169 544 2209 a
572 2146 789 2211 Demosthene
817 2146 889 2211 ἀλλ’
916 2144 988 2228 ἐμοὶ
1015 2145 1078 2230 μέν
1100 2184 1143 2194 -
1167 2146 1208 2213 od
1235 2147 1316 2230 βού-

305 2236 404 2313 λομαι
436 2229 594 2317 δυσχερὲς
625 2230 725 2297 οὐδὲν
757 2235 862 2298 εἰπεῖν
893 2232 1076 2318 ἀρχόμενος
1106 2243 1167 2300 τοῦ
1199 2236 1315 2317 λόγου,

305 2315 402 2397 οὗτος
425 2317 455 2384 d'
479 2319 514 2385 ἐκ
536 2323 728 2404 περιουσίας
751 2320 833 2404 ἐμοῦ
856 2331 1039 2406 κατηγορεῖ.

266 2471 291 2513 n
305 2443 385 2510 baec
408 2466 485 2511 uero
509 2467 606 2530 quarn
629 2445 758 2531 poetica
780 2444 965 2533 indignatio
1329 2448 1369 2515 16

516 2591 575 2655 pre
599 2569 745 2655 luppiter
768 2570 830 2636 ibit

348 2658 401 2725 bie
424 2659 483 2744 ait,

303 2781 383 2847 haec
405 2782 572 2847 miseratio

348 2926 367 2969 ο
390 2904 499 2987 patria
522 2926 541 2969 o
564 2903 650 2988 rapti
673 2903 868 2989 nequiquam
892 2925 930 2968 ex
954 2903 1048 2969 hoste
1070 2902 1222 2970 Penates!

262 3056 290 3097 m
304 3029 337 3091 et
358 3026 417 3092 illa
440 3026 615 3111 trepidatio

348 3152 430 3218 ferte
454 3151 510 3217 citi
533 3152 669 3237 ferrern,
693 3151 767 3218 date
791 3154 857 3219 tela
881 3156 914 3218 et
936 3152 1081 3219 scandite
1104 3174 1230 3239 muros,

348 3241 452 3308 hostis
475 3241 581 3328 adest,

304 3369 339 3431 et
362 3369 551 3453 conquestio

349 3511 443 3556 mene
466 3490 566 3576 igitur
588 3491 712 3557 socium
735 3491 838 3556 tantis
863 3489 1039 3576 adiungere
1063 3491 1175 3578 rebus,

378 3673 482 3728 1Aen,
501 3673 554 3727 XII
572 3679 624 3728 208
688 3671 762 3727 bib.
781 3671 846 3726 v111
865 3678 918 3727 290
975 3678 1005 3728 11
1026 3673 1168 3729 iblltb
1233 3673 1321 3728 rude

306 3750 397 3868 {quib}
411 3744 610 3869 twmlbwrtoen.
628 3742 680 3797 llll
699 3749 752 3798 seo
812 3747 845 3797 tt
863 3743 902 3798 ib.
921 3742 947 3796 V
966 3751 1020 3799 632
1077 3750 1112 3799 tt
1131 3744 1169 3800 ib.
1190 3742 1268 3798 v1111
1286 3749 1321 3798 87

376 3985 392 4033 8
412 3980 532 4035 benseco
554 3981 582 4034 Ρ
654 3988 682 4035 11
706 3985 843 4050 obponere
864 3978 901 4034 P'
976 3988 1008 4036 12
1028 3982 1187 4037 demostene
1202 4011 1209 4024 ·
1224 3984 1330 4049 ΔΑΛξ-’

306 4049 807 4173 ΜΟὲΙΜΕΝΟΟΤΟΥΛΟΓΟΥΤΟΕΔΕ
871 4054 1308 4109 (ΥΒΟΥΛΟΓΟΥΛΑΙΔΥΕΧΕΡΕ

306 4122 351 4174 ΧΟ
379 4122 773 4177 ΔΕΝΟΙΠΕΙΝΛΡΧΟΜΕΝΟ(
791 4124 975 4178 ΤΟΥΛΟΓΟΥ
992 4126 1106 4179 ΟΥΤΟ(
1126 4125 1171 4178 ΔΕ
1185 4125 1312 4179 ΠΕΡΙΟΥ

307 4192 475 4247 (ΙΜΕΜΟΥ
496 4194 675 4247 ΚΛῘΗΓΟΡΕΙ
691 4194 742 4266 hec
757 4194 785 4247 P
829 4199 861 4247 19
882 4195 1006 4263 opatrra
1020 4212 1071 4250 om.
1088 4195 1115 4250 P
1158 4194 1276 4264 penates
1286 4195 1314 4249 P
