3322 5190
329 807 396 872 250
605 805 611 815 ”
720 804 794 859 SA'P.
812 804 909 859 LtBitl
930 804 952 859 V

374 989 430 1034 seu
453 966 549 1032 durat
570 967 676 1051 magis
701 971 734 1031 et
756 989 858 1031 uenas
882 966 1058 1052 adstringit
1080 965 1219 1050 hiantes,

374 1077 415 1120 ne
438 1060 550 1120 tenues
574 1054 704 1139 planiae
727 1054 874 1140 rupidiue
898 1056 1047 1137 potentia
1071 1053 1150 1120 solis

375 1144 480 1209 acrior
503 1147 561 1208 aut
584 1142 709 1209 Boreae
732 1141 933 1228 penetrabile
957 1142 1062 1228 frigus
1086 1142 1210 1208 edurat.

278 1270 403 1334 15ecce
425 1267 552 1334 dicendi
575 1289 691 1355 genus,
719 1268 805 1352 quod
827 1289 987 1353 nusquam
1011 1267 1091 1332 ulibi
1114 1266 1345 1352 deprehendes,

330 1359 363 1422 in
387 1379 451 1442 que
473 1379 534 1422 nec
556 1379 710 1443 praeceps
734 1357 878 1421 breuitate
901 1379 961 1422 nee
983 1356 1140 1421 infrunite
1159 1357 1262 1441 copia,
1285 1376 1344 1421 nec
1371 1380 1384 1420 s

330 1445 436 1511 ieiuna
460 1446 590 1511 siccitas
613 1468 672 1511 nec
696 1445 822 1511 laetitia
844 1446 983 1530 pinguia.

277 1537 318 1599 le
418 1532 502 1600 Sunt
529 1540 696 1619 praeterea
723 1535 792 1599 stili
819 1534 945 1599 dicendi
973 1533 1036 1599 duc
1065 1533 1186 1618 dispari
1214 1533 1344 1598 morali·

329 1627 397 1689 tete
416 1623 545 1689 diuersi.
582 1647 666 1690 unus
686 1628 737 1690 est
755 1628 901 1689 maturus
921 1628 954 1688 et
968 1623 1088 1708 grauis,
1106 1623 1210 1708 qualis
1226 1620 1344 1688 Crasso

330 1713 524 1798 assignetur.
575 1712 637 1778 hoc
660 1711 828 1800 Vergilius
855 1713 959 1779 utitur
987 1735 1060 1777 cum
1089 1711 1225 1776 Latinus
1254 1734 1344 1796 prse-

330 1801 410 1885 eipit
431 1799 543 1867 Turno
1361 1824 1386 1863 ro

375 1945 394 1989 ο
418 1928 589 2007 praestans
614 1925 714 1989 animi
737 1924 871 2007 iuuenis,
895 1928 1054 2009 quantum
1078 1925 1147 2008 ipse
1171 1923 1271 1988 feroci

376 2012 498 2166 uirtutle
526 2034 711 2098 exsuperas,
740 2018 832 2079 tento
855 2035 907 2077 me
929 2013 1107 2099 impensius
1131 2035 1270 2096 aequum
1295 2017 1345 2078 est

375 2121 475 2166 conau
490 2123 543 2165 ere

280 2227 365 2292 liet
387 2224 521 2309 reliqua.
562 2225 645 2289 slter
667 2225 742 2289 huic
765 2226 948 2290 contrarius
971 2224 1088 2289 ardens
1112 2228 1144 2288 et
1168 2228 1292 2289 erectus
1312 2229 1345 2288 et

330 2311 490 2393 infensus,
522 2313 609 2396 quali
642 2334 720 2377 usus
752 2316 803 2378 est
830 2313 1002 2378 Antonius.
1049 2334 1109 2376 nec
1140 2312 1226 2376 hunc
1259 2312 1344 2396 apud
1359 2333 1385 2373 rs

329 2397 512 2484 Vergilium
536 2400 658 2464 frustra
681 2400 916 2465 desideraueris

543 2522 629 2588 hsud
652 2523 734 2588 talia
757 2522 878 2587 dudum

374 2609 461 2676 dicta
484 2609 593 2676 debes.
639 2632 765 2676 merere
789 2615 822 2675 et
843 2609 978 2676 fratrem
1002 2631 1042 2674 ne
1065 2609 1175 2676 desere
1199 2609 1306 2676 freter.

279 2734 460 2803 l8uidesne
502 2736 720 2820 eloquentiam
758 2736 903 2801 amnium
940 2736 1100 2800 uarietate
1136 2735 1344 2801 distinctam?

331 2847 428 2909 quam
456 2825 585 2911 quidam
620 2826 699 2891 mihi
727 2826 854 2891 uidetur
882 2825 1048 2912 Vergilias
1075 2848 1140 2890 non
1169 2826 1238 2891 siue
1268 2850 1385 2912 que-se

330 2916 403 2980 dam
437 2917 624 3002 praesagio,
656 2939 719 3002 que
748 2939 783 2982 se
811 2917 955 2981 emnium
984 2916 1181 3001 profectibus
1210 2939 1343 3000 praepa·

331 3005 440 3088 rabat,
462 3005 501 3069 de
525 3005 687 3070 industria
709 3028 768 3070 sua
791 3007 1028 3088 permiscuisse,
1052 3005 1147 3088 idque
1170 3027 1236 3069 nen
1260 3028 1343 3070 mor·

332 3091 391 3156 tali
419 3092 474 3156 sed
503 3093 612 3157 diuino
640 3094 772 3176 ingenie
800 3093 1013 3176 praecidisse:
1046 3098 1141 3176 atque
1170 3093 1249 3157 adeo
1277 3115 1343 3157 non

332 3180 431 3245 alium
469 3186 598 3245 secutus
636 3181 749 3245 ducem
787 3204 882 3265 quam
916 3182 1021 3265 ipsam
1054 3202 1160 3245 rerum
1195 3181 1342 3245 omniurn

331 3271 468 3332 matrem
504 3275 654 3334 naturam
690 3269 775 3335 hanc
812 3271 996 3354 praetexuit
1030 3270 1121 3334 uelut
1153 3269 1187 3333 in
1220 3271 1383 3337 musicas

281 3357 538 3425 litcoucordiam
572 3358 785 3423 dissonorum.
837 3359 956 3444 quippe
989 3359 1016 3423 si
1049 3358 1203 3423 mundum
1236 3359 1343 3443 ipsum

333 3446 509 3532 diligenter
528 3448 690 3531 inspicias,
709 3470 862 3532 magnam
878 3448 1121 3512 similitudinem
1137 3448 1238 3512 diuini
1257 3450 1342 3512 iltius

333 3539 366 3597 et
399 3535 492 3599 huius
523 3538 640 3618 poetici
670 3537 775 3618 operis
803 3538 957 3600 inuenies,
1008 3559 1084 3599 nam
1112 3537 1251 3620 qualiter
1279 3537 1343 3600 elo-

332 3623 462 3704 quentia
486 3621 631 3687 Meronis
655 3625 695 3687 ad
719 3625 864 3688 omnium
888 3646 994 3688 meres
1018 3625 1146 3707 integra
1169 3630 1232 3706 est,
1259 3646 1343 3688 nunc

332 3709 440 3773 breuis
478 3733 562 3775 nunc
597 3712 730 3795 copiosa
763 3734 847 3776 nunc
880 3713 963 3776 sicca
995 3734 1080 3777 nunc
1113 3711 1226 3776 florida
1258 3733 1385 3784 nunceu

405 3916 435 3964 11
457 3915 524 3965 Aen.
544 3912 593 3964 xtl
616 3917 647 3964 re
704 3919 735 3967 17
756 3914 792 3966 ib.
813 3914 836 3966 X
857 3919 907 3967 699

404 4104 437 4152 12
460 4114 504 4152 me
528 4116 577 4154 om.
597 4101 623 4152 P
696 4098 1001 4156 intremiscente
1021 4099 1048 4153 P
1118 4106 1152 4153 24
1172 4098 1304 4168 sequutus
1319 4099 1348 4153 P

331 4175 366 4223 26
385 4170 561 4225 disserueram
582 4171 754 4243 Cantabris:
774 4172 903 4226 sonorum
922 4171 950 4225 P
