3322 5190
729 824 795 883 ΧΠ
814 832 919 884 1ὓ-17
1270 830 1338 896 473

322 991 499 1079 putrefacit
525 1010 638 1058 earnes
661 992 800 1078 aestate,
826 1013 893 1058 non
914 991 1029 1058 hieme.
1075 1012 1153 1078 ergo
1175 1012 1236 1059 nse
1257 991 1336 1060 luna
1346 996 1388 1062 21

321 1083 456 1167 propter
481 1079 725 1147 submissiorem
748 1080 888 1147 calorem
912 1078 1064 1146 diffundit
1085 1078 1253 1167 humores,
1280 1081 1336 1147 sed

321 1169 432 1237 neseio
459 1191 542 1256 quae
567 1168 764 1253 proprietas,
791 1190 890 1255 quam
913 1167 1029 1235 (trasei
1057 1168 1179 1254 ἰδίωμα
1206 1174 1336 1250 nocant,

322 1264 356 1324 et
387 1257 547 1344 quaedam
578 1260 697 1323 natura
730 1259 780 1322 est
806 1257 935 1343 lumini,
968 1258 1053 1342 quod
1081 1256 1121 1323 de
1148 1279 1187 1324 ea
1214 1257 1337 1342 defluit,

294 1369 404 1433 equae
431 1346 596 1413 humectat
623 1368 773 1432 corpora,
801 1351 835 1412 et
861 1346 952 1412 uelut
979 1345 1108 1413 occulto
1133 1368 1207 1413 rore
1230 1346 1337 1413 made·

321 1436 436 1522 iaciat,
463 1436 515 1502 eui
539 1435 701 1501 admixtus
724 1435 812 1502 calor
834 1435 904 1522 ipse
922 1435 1045 1503 lunaris
1069 1435 1245 1521 putrefacit
1266 1457 1336 1502 car·

321 1547 410 1607 nem,
442 1526 494 1592 eui
521 1524 643 1591 diutule
671 1524 769 1591 fuerit
797 1524 930 1592 infusus.
980 1547 1085 1612 neque
1113 1525 1198 1592 enim
1227 1525 1390 1594 omnis22

322 1615 412 1683 ealor
438 1614 534 1688 unius
563 1616 613 1679 est
639 1613 821 1700 qualitatis,
848 1616 886 1679 ut
912 1614 975 1681 hoe
1002 1615 1074 1679 solo
1102 1636 1180 1680 ase
1198 1613 1335 1699 differat,

322 1702 351 1769 si
380 1703 486 1770 maior
509 1702 654 1768 minorue
678 1703 735 1785 sit,
762 1702 817 1768 ssd
844 1725 914 1769 esse
937 1702 971 1768 in
994 1703 1071 1790 igne
1094 1702 1335 1770 diuersissimas

281 1792 496 1878 aequalitates
526 1791 652 1858 nullam
684 1813 793 1858 secum
826 1790 983 1858 habentes
1016 1792 1204 1859 societatem
1239 1793 1336 1859 rebus

322 1880 502 1948 manifestis
530 1880 696 1966 probatur.
743 1879 888 1946 aurifices
917 1880 958 1946 ad
986 1879 1195 1948 formandum
1219 1881 1389 1948 aurum23

320 1970 411 2036 nullo
433 1970 500 2036 nisi
521 1970 561 2036 de
583 1969 686 2056 paleis
710 1972 845 2035 utuntur
867 1969 953 2056 igne,
976 1970 1053 2056 quie
1076 1970 1174 2037 eeteri
1197 1970 1237 2037 ad
1260 1992 1335 2056 pro·

321 2058 500 2127 ducendam
527 2058 612 2125 hane
638 2059 809 2125 materiam
831 2058 994 2126 inhabiles
1017 2059 1191 2145 habentur,
1219 2059 1335 2127 medici

321 2149 355 2214 in
387 2148 538 2215 remediis
571 2148 809 2232 concoquendis
836 2149 941 2234 magis
968 2147 1008 2213 de
1035 2148 1209 2215 sarmentis
1237 2171 1333 2234 quam

282 2260 308 2302 rs
321 2259 360 2303 ex
393 2237 458 2303 alio
490 2237 581 2321 ligno
613 2237 723 2322 ignem
755 2235 937 2320 requirunt,
969 2236 1025 2321 qui
1058 2239 1143 2302 uitro
1176 2236 1333 2304 soluendo

320 2323 556 2410 formandoqus
584 2327 713 2404 curant,
743 2323 783 2388 de
807 2323 935 2410 arbore,
967 2324 1018 2390 sui
1046 2325 1187 2410 myricae
1214 2324 1388 2392 nomen24

322 2418 382 2499 est,
405 2414 474 2501 igni
498 2436 557 2481 suo
581 2436 689 2480 eseam
713 2413 914 2499 ministrant,
937 2414 1026 2481 ealon
1049 2415 1088 2480 de
1111 2414 1210 2502 lignis
1234 2414 1335 2501 oleae,

321 2528 394 2571 eum
421 2505 466 2571 sit
494 2503 682 2590 corporibus
708 2503 874 2584 salutaris,
901 2503 1102 2589 perniciosus
1126 2508 1176 2571 est
1199 2503 1335 2586 balneis,

322 2599 354 2661 et
391 2596 431 2660 ud
469 2593 694 2660 dissoluendas
731 2593 897 2659 iuncturas
930 2616 1128 2661 marmorum
1161 2594 1335 2660 efficaciter

281 2685 451 2768 runoxius3
481 2705 547 2749 non
576 2687 627 2748 est
653 2704 731 2768 ergo
759 2683 875 2747 mirum
904 2683 932 2747 si
960 2683 1086 2748 ratione
1114 2684 1335 2769 proprietatis,

321 2793 404 2924 {¹:¹5⁰
422 2770 780 2925 ⁹t¹1tz¹¹³t³¹¹zttt¹3¹
793 2770 1387 2943 332502‘ttttttt2‘ttttt25

322 2950 495 3033 optegunt,
523 2969 596 3012 enm
626 2947 686 3012 sub
714 2945 794 3010 inne
820 2948 1039 3031 praetereunt,
1066 2968 1107 3012 ns
1134 2884 1248 3033 ,fimus
1277 2969 1334 3032 per

321 3037 461 3101 aetutem
503 3036 662 3101 naturalis
702 3034 847 3100 humoris
889 3035 1028 3120 amplius
1068 3035 1181 3101 lunare
1225 3034 1334 3100 lumen

280 3148 308 3191 ss
322 3126 495 3205 trumsetet,
518 3127 658 3191 etaient
681 3125 770 3211 ligna
793 3124 898 3190 adhue
921 3126 1028 3190 uirore
1047 3123 1182 3190 humide
1200 3128 1334 3208 accepto

321 3216 428 3281 calore
451 3219 643 3299 curuantur,
671 3216 719 3279 ita
741 3217 775 3279 et
798 3213 929 3279 illorum
954 3215 1100 3279 membra
1122 3216 1335 3298 contorqueat

321 3302 467 3369 humoris
491 3302 639 3369 adiectio.
678 3302 741 3367 hoc
759 3322 887 3386 quoqne
905 3303 1021 3365 notum
1040 3304 1100 3386 est,
1122 3301 1208 3385 qnia,
1231 3301 1333 3384 siquis
1344 3298 1386 3363 26

322 3390 376 3455 diu
405 3391 465 3456 sub
495 3390 571 3455 tuna
599 3412 712 3456 somno
743 3411 777 3453 se
805 3388 944 3471 dederit,
977 3408 1073 3474 aegre
1102 3389 1277 3472 excitatur,
1305 3392 1338 3453 et

322 3479 489 3565 proximus
515 3479 551 3543 fit
573 3479 698 3560 insano,
721 3475 864 3562 pondere
887 3496 1017 3561 pressus
1041 3475 1201 3560 humoris,
1223 3479 1278 3561 qni
1303 3477 1336 3542 in

280 3589 309 3632 ss
322 3589 416 3633 ornne
440 3567 509 3633 eius
530 3590 647 3652 eorpus
667 3564 803 3631 ditiusus
823 3567 920 3651 atque
941 3563 1106 3650 dispersus
1126 3568 1177 3631 est
1196 3566 1336 3651 proprie-

321 3660 389 3722 tate
409 3656 524 3735 lunari,
545 3678 626 3741 quae
644 3659 681 3722 nt
699 3676 815 3739 corpus
834 3652 994 3737 infundat,
1013 3676 1125 3719 omnes
1144 3653 1213 3719 eius
1232 3655 1337 3740 eperit

322 3748 355 3809 et
373 3745 463 3810 lexat
481 3749 615 3810 meatus.
658 3743 734 3809 hinc
753 3746 811 3825 est,
834 3741 920 3826 quod
940 3741 1057 3826 Diana,
1080 3764 1161 3827 quae
1181 3743 1259 3807 lune
1276 3740 1387 3824 cett?

314 3831 466 3918 ’Ἄρτεμις
486 3832 602 3899 elicitur
620 3833 711 3918 quasi
733 3830 913 3917 ἀερότεμις,
937 3831 999 3897 hoe
1018 3834 1068 3897 est
1087 3853 1193 3897 aerem
1214 3854 1335 3898 secans.

322 3978 537 3989 ...ι-..-

392 4069 483 4132 equo
502 4061 640 4116 hument&
654 4057 691 4116 P'
749 4065 782 4116 16
797 4076 894 4116 murres
908 4059 936 4114 P
988 4064 1022 4113 22
1038 4058 1167 4115 tellantes
1183 4060 1338 4117 Meursue:

321 4134 518 4262 3312&th
580 4138 614 4188 23
634 4133 774 4202 obtegunt
792 4130 828 4186 P'
921 4135 955 4185 82
973 4135 1035 4201 pest
1058 4131 1099 4187 est
1121 4131 1187 4188 add.
1210 4131 1285 4188 unde
1312 4132 1340 4187 P
