3322 5190
746 832 784 889 Vl
803 838 892 890 8-14
1265 832 1330 899 431

315 992 476 1060 Venerem
505 997 685 1079 prouocsnt
712 999 746 1061 et
769 1016 879 1060 semen
902 996 1049 1062 excitant
1071 998 1105 1061 et
1129 995 1331 1080 generationi

315 1082 445 1168 fauent,
480 1082 598 1148 hausto
637 1086 745 1150 autem
782 1106 871 1149 mero
906 1083 1048 1170 plurimo
1080 1083 1165 1148 finnt
1196 1083 1259 1150 uiri
1291 1085 1332 1149 ad

316 1172 438 1239 coitum
462 1172 631 1259 pigriores,
655 1173 711 1239 sed
730 1195 790 1239 nec
808 1172 960 1239 idoneum
983 1173 1189 1257 conceptioni
1209 1177 1332 1258 serunt,

316 1261 393 1347 quio
423 1261 491 1327 uini
523 1261 675 1328 nimietas
707 1264 745 1327 ut
777 1262 887 1351 frigidi
920 1262 1002 1328 facit
1029 1284 1139 1328 semen
1168 1261 1251 1329 exile
1277 1263 1329 1328 uel

289 1350 432 1418 adebife.
481 1351 544 1418 boc
575 1373 653 1418 uero
684 1352 734 1418 uel
763 1350 1062 1418 manifestissimam
1091 1352 1361 1420 aestimationis9

316 1463 407 1508 meae
440 1441 539 1508 habet
569 1442 799 1529 adsertionem,
832 1442 917 1530 quod
946 1465 1165 1530 quaecumque
1193 1443 1330 1510 nimium

316 1532 514 1620 algentibus,
542 1533 654 1599 eadem
678 1532 873 1620 contingunt
895 1534 1005 1600 ebriis.
1051 1534 1135 1600 fiunt
1157 1533 1243 1600 enim
1266 1537 1330 1599 tre-
1357 1570 1360 1577 ·

316 1622 395 1688 muli
414 1642 530 1707 graues
549 1622 663 1707 pallidi
682 1627 716 1687 et
734 1623 821 1689 saltu
840 1623 1072 1689 tumultuantis
1087 1624 1223 1710 spiritus
1239 1625 1329 1689 artus

316 1732 392 1776 suos
425 1714 458 1776 et
490 1712 636 1776 membra
668 1712 868 1797 quatiuntur.
922 1712 1007 1778 idem
1041 1713 1185 1797 corporis
1218 1717 1332 1797 torpor

276 1817 302 1858 rc
316 1799 490 1883 ambobus,
517 1799 628 1865 eadem
655 1800 786 1886 linguae
813 1801 978 1866 titubatio.
1024 1801 1136 1867 multis
1165 1803 1275 1867 autem
1298 1805 1332 1865 et

315 1889 448 1954 morbus
468 1887 533 1969 ilie,
556 1911 651 1974 quem
670 1888 859 1974 παράλυσιν
878 1889 992 1955 Graeci
1011 1894 1139 1974 uocant,
1164 1890 1211 1955 sic
1228 1889 1330 1955 nimio

315 1976 392 2041 uino
416 1980 453 2042 nt
477 1977 581 2042 multo
605 1979 716 2063 algore
739 1978 907 2063 contingit
945 1979 1096 2063 respicite
1116 1978 1224 2063 etiam,
1247 2000 1329 2063 qnae
1342 1977 1384 2043 10

316 2085 435 2150 genera
468 2066 645 2131 curationis
676 2066 891 2131 adhibeantur
919 2066 1027 2133 ebriis.
1076 2089 1183 2133 nonne
1212 2065 1330 2132 cubare
1368 2089 1372 2096 ·

315 2153 374 2219 sub
404 2153 515 2218 multis
546 2153 758 2240 operimentis
786 2154 952 2232 iubentur,
979 2159 1016 2218 ut
1039 2155 1217 2220 exstinctos
1242 2154 1330 2219 calor

276 2258 301 2299 ia
315 2240 524 2305 refoueatur?
564 2263 629 2307 non
654 2245 688 2305 et
709 2241 750 2304 ad
769 2241 875 2306 calida
895 2242 1025 2305 lauacro
1043 2241 1226 2306 ducuntur?
1261 2261 1327 2306 non

315 2328 380 2392 illis
405 2327 593 2393 unctionum
618 2332 730 2412 tepore
750 2329 838 2394 cafor
857 2331 1000 2414 corporis
1021 2328 1201 2394 excitatur?
1241 2332 1327 2413 post·
1341 2328 1379 2393 11

315 2439 403 2482 remo
432 2416 487 2502 qui
515 2418 598 2482 fiunt
621 2417 734 2483 crebro
757 2417 847 2502 ebrii,
871 2419 935 2483 cito
959 2422 1145 2501 senescunt,
1173 2417 1229 2483 afii
1253 2419 1328 2483 ante

316 2511 443 2592 tempus
475 2507 678 2590 conpetentis
717 2507 834 2572 aciatis
871 2508 924 2572 uel
961 2507 1092 2573 calaritio
1125 2508 1176 2572 nel
1211 2507 1328 2573 canitie

317 2595 551 2682 insigniuntur,
584 2619 666 2680 quae
696 2617 762 2660 nou
791 2595 853 2659 nisi
881 2597 994 2682 inopia
1021 2597 1138 2661 caloris
1166 2596 1328 2661 eueniunt.

277 2702 303 2743 ro
318 2685 395 2768 quid
415 2687 506 2749 noeto
526 2685 687 2769 frigidius,
708 2685 792 2770 quod
812 2684 976 2769 culpatum
995 2685 1106 2749 uinum
1121 2686 1192 2750 est?
1222 2684 1326 2750 solum
1340 2685 1381 2750 12

317 2774 402 2837 enirn
426 2771 487 2837 hoc
510 2795 549 2837 cx
568 2773 719 2837 omnibns
740 2772 930 2838 humoribus
949 2777 1146 2839 crescentem
1164 2772 1327 2837 flammam

316 2860 476 2926 uiolenter
513 2860 687 2947 extinguit,
725 2861 800 2926 duur
834 2882 890 2944 por
923 2861 1026 2947 frigus
1051 2881 1153 2926 snum
1188 2862 1326 2927 calorem

315 2948 418 3013 uincit
440 2949 598 3016 elementi.
642 2972 702 3014 nec
721 2949 783 3013 boc
800 2953 979 3035 praetereo,
1003 2950 1089 3035 quod
1109 2973 1147 3015 ex
1166 2947 1326 3015 fructibus
1339 2947 1380 3012 13

316 3035 467 3101 orborum
499 3037 546 3101 iffi
574 3041 651 3102 sunt
674 3037 871 3123 frigidiores,
899 3059 1036 3122 quoruur
1061 3060 1157 3104 sucus
1180 3038 1328 3102 imitatur

276 3144 301 3184 n.
315 3127 382 3191 uini
407 3149 570 3211 saporem,
597 3131 634 3192 ut
658 3129 745 3192 niolo
768 3150 824 3193 scu
848 3128 1009 3212 sirnpficia
1032 3149 1087 3193 seu
1113 3130 1252 3215 grauata
1274 3127 1327 3192 uel

316 3215 462 3300 cydonia,
485 3238 567 3301 quae
591 3217 721 3282 cotouio
744 3221 842 3283 uocat
864 3217 955 3283 Cato.

404 3304 492 3371 Haec
528 3305 600 3372 ideo
638 3306 788 3389 dixerim,
826 3307 912 3392 quod
945 3328 996 3371 me
1029 3327 1126 3390 saepe
1158 3306 1263 3372 mouit
1293 3305 1380 3370 etl4

315 3395 459 3461 exercuit
491 3416 615 3461 mecum
644 3395 878 3481 disputantem,
910 3396 987 3480 qnia
1019 3394 1052 3460 in
1086 3395 1227 3461 medium
1255 3415 1329 3478 pro·

316 3485 399 3549 ferre
427 3484 532 3568 uolui,
564 3483 641 3571 quid
670 3484 708 3549 de
736 3485 813 3550 uino
842 3485 1084 3550 aestimauerim
1113 3483 1327 3550 sentiendum.

277 3577 458 3639 ascetarum
496 3574 768 3640 consultationem
807 3573 887 3639 mibi
925 3572 1069 3638 debitam
1104 3595 1170 3639 non
1204 3573 1330 3639 omitto.

316 3669 348 3727 te
372 3665 472 3746 enirn,
496 3662 617 3745 Dianai,
643 3663 812 3746 conuenio,
836 3664 873 3727 ut
896 3662 982 3746 quod
1007 3661 1226 3747 quaerendum
1249 3660 1329 3725 mihi

316 3786 448 3796 ...ι-...-
457 3787 530 3796 mn-..

387 3874 421 3923 26
441 3870 510 3926 cato
529 3869 699 3925 deremet.
720 3874 745 3938 7,
765 3876 781 3925 8
887 3827 889 3831 Ι

387 4063 517 4117 sidoner
537 4061 729 4131 conceptionis
745 4064 826 4118 erunt
844 4061 872 4116 P
928 4065 944 4114 4
963 4060 1068 4130 frigida
1089 4062 1117 4115 P
1170 4064 1201 4114 11
1221 4060 1330 4114 ΠΑΡΑ-

316 4133 399 4187 ΛΙ(ΙΝ
419 4133 447 4187 Ρ
517 4138 549 4187 lt
569 4133 675 4188 adora
694 4132 723 4187 P
792 4137 826 4187 at
846 4131 1039 4188 utmalacm.
1059 4130 1088 4185 P
1156 4135 1191 4186 tt
1210 4128 1330 4197 cydonia

321 4203 434 4259 Veneto:
452 4205 558 4258 crtoma
576 4202 606 4259 P
