<?xml version="1.0" encoding="UTF-8"?>
<!DOCTYPE html PUBLIC "-//W3C//DTD XHTML 1.0 Transitional//EN"
    "http://www.w3.org/TR/xhtml1/DTD/xhtml1-transitional.dtd">
<html xmlns="http://www.w3.org/1999/xhtml" xml:lang="en" lang="en">
 <head>
  <title>
</title>
<meta http-equiv="Content-Type" content="text/html;charset=utf-8" />
  <meta name='ocr-system' content='tesseract 3.04.00' />
  <meta name='ocr-capabilities' content='ocr_page ocr_carea ocr_par ocr_line ocrx_word'/>
</head>
<body>
  <div class='ocr_page' id='page_1' title='image "./macrobius00cicegoog_0464.png"; bbox 0 0 3442 5190; ppageno 0'>
   <div class='ocr_carea' id='block_1_1' title="bbox 362 797 1008 863">
    <p class='ocr_par' dir='ltr' id='par_1_1' title="bbox 362 797 1008 863">
     <span class='ocr_line' id='line_1_1' title="bbox 362 797 1008 863; baseline -0.011 -3"><span class='ocrx_word' id='word_1_1' title='bbox 362 797 429 863; x_wconf 89' lang='grc'><strong>446</strong></span> <span class='ocrx_word' id='word_1_2' title='bbox 742 798 820 855; x_wconf 78' lang='lat' dir='ltr'><strong>SAT.</strong></span> <span class='ocrx_word' id='word_1_3' title='bbox 837 798 936 854; x_wconf 82' lang='lat' dir='ltr'><strong>LIBRI</strong></span> <span class='ocrx_word' id='word_1_4' title='bbox 957 799 1008 855; x_wconf 88' lang='lat' dir='ltr'><strong>Vll</strong></span> 
     </span>
    </p>
   </div>
   <div class='ocr_carea' id='block_1_2' title="bbox 310 961 1420 1930">
    <p class='ocr_par' dir='ltr' id='par_1_2' title="bbox 313 961 1420 1491">
     <span class='ocr_line' id='line_1_2' title="bbox 313 961 1379 1049; baseline 0.003 -23"><span class='ocrx_word' id='word_1_5' title='bbox 313 961 354 1026; x_wconf 83' lang='lat'><strong>13</strong></span> <span class='ocrx_word' id='word_1_6' title='bbox 365 961 529 1027; x_wconf 89' lang='lat' dir='ltr'><strong>eunuchus</strong></span> <span class='ocrx_word' id='word_1_7' title='bbox 552 962 719 1047; x_wconf 86' lang='lat' dir='ltr'><strong>loquatur,</strong></span> <span class='ocrx_word' id='word_1_8' title='bbox 747 962 812 1028; x_wconf 91' lang='lat' dir='ltr'><strong>nisi</strong></span> <span class='ocrx_word' id='word_1_9' title='bbox 835 961 956 1042; x_wconf 87' lang='lat' dir='ltr'><strong>uideas,</strong></span> <span class='ocrx_word' id='word_1_10' title='bbox 977 961 1146 1048; x_wconf 59' lang='lat' dir='ltr'><strong>ignores?</strong></span> <span class='ocrx_word' id='word_1_11' title='bbox 1194 964 1225 1029; x_wconf 88' lang='lat' dir='ltr'><strong>id</strong></span> <span class='ocrx_word' id='word_1_12' title='bbox 1250 986 1379 1049; x_wconf 88' lang='lat' dir='ltr'><strong>quoque</strong></span> 
     </span>
     <span class='ocr_line' id='line_1_3' title="bbox 362 1049 1378 1136; baseline 0.004 -22"><span class='ocrx_word' id='word_1_13' title='bbox 362 1049 468 1116; x_wconf 87' lang='lat' dir='ltr'><strong>facere</strong></span> <span class='ocrx_word' id='word_1_14' title='bbox 502 1052 654 1136; x_wconf 83' lang='lat' dir='ltr'><strong>superflui</strong></span> <span class='ocrx_word' id='word_1_15' title='bbox 682 1051 828 1117; x_wconf 89' lang='lat' dir='ltr'><strong>humoris</strong></span> <span class='ocrx_word' id='word_1_16' title='bbox 855 1051 1090 1117; x_wconf 80' lang='lat' dir='ltr'><strong>abundantiam</strong></span> <span class='ocrx_word' id='word_1_17' title='bbox 1117 1052 1173 1117; x_wconf 89' lang='lat' dir='ltr'><strong>ilie</strong></span> <span class='ocrx_word' id='word_1_18' title='bbox 1201 1053 1378 1135; x_wconf 76' lang='lat' dir='ltr'><strong>respondit.</strong></span> 
     </span>
     <span class='ocr_line' id='line_1_4' title="bbox 362 1137 1378 1228; baseline 0.003 -25"><span class='ocrx_word' id='word_1_19' title='bbox 362 1137 450 1223; x_wconf 76' lang='lat' dir='ltr'><strong>‘ipse</strong></span> <span class='ocrx_word' id='word_1_20' title='bbox 473 1140 558 1204; x_wconf 92' lang='lat' dir='ltr'><strong>enim</strong></span> <span class='ocrx_word' id='word_1_21' title='bbox 583 1139 760 1226; x_wconf 80' lang='grc' dir='ltr'><em>ἀρτηρίαν,</em></span> <span class='ocrx_word' id='word_1_22' title='bbox 785 1162 841 1224; x_wconf 87' lang='lat' dir='ltr'><strong>per</strong></span> <span class='ocrx_word' id='word_1_23' title='bbox 864 1162 962 1224; x_wconf 83' lang='lat' dir='ltr'><strong>quum</strong></span> <span class='ocrx_word' id='word_1_24' title='bbox 986 1162 1084 1206; x_wconf 89' lang='lat' dir='ltr'><strong>sonus</strong></span> <span class='ocrx_word' id='word_1_25' title='bbox 1108 1142 1199 1206; x_wconf 90' lang='lat' dir='ltr'><strong>uocis</strong></span> <span class='ocrx_word' id='word_1_26' title='bbox 1223 1141 1378 1228; x_wconf 83' lang='lat' dir='ltr'><strong>ascendit,</strong></span> 
     </span>
     <span class='ocr_line' id='line_1_5' title="bbox 362 1227 1376 1314; baseline 0.004 -23"><span class='ocrx_word' id='word_1_27' title='bbox 362 1227 506 1294; x_wconf 88' lang='lat' dir='ltr'><strong>efficiens</strong></span> <span class='ocrx_word' id='word_1_28' title='bbox 535 1230 727 1295; x_wconf 78' lang='lat' dir='ltr'>crassiorem</span> <span class='ocrx_word' id='word_1_29' title='bbox 756 1232 910 1314; x_wconf 82' lang='lat' dir='ltr'><strong>angustet</strong></span> <span class='ocrx_word' id='word_1_30' title='bbox 937 1230 1027 1294; x_wconf 87' lang='lat' dir='ltr'><strong>uocis</strong></span> <span class='ocrx_word' id='word_1_31' title='bbox 1054 1235 1210 1312; x_wconf 86' lang='lat' dir='ltr'><strong>meatum,</strong></span> <span class='ocrx_word' id='word_1_32' title='bbox 1242 1233 1275 1295; x_wconf 95' lang='lat' dir='ltr'><strong>et</strong></span> <span class='ocrx_word' id='word_1_33' title='bbox 1301 1230 1376 1295; x_wconf 88' lang='lat' dir='ltr'><strong>ideo</strong></span> 
     </span>
     <span class='ocr_line' id='line_1_6' title="bbox 362 1317 1420 1403; baseline 0.009 -24"><span class='ocrx_word' id='word_1_34' title='bbox 362 1317 414 1381; x_wconf 88' lang='lat' dir='ltr'><strong>uel</strong></span> <span class='ocrx_word' id='word_1_35' title='bbox 442 1317 572 1382; x_wconf 82' lang='lat' dir='ltr'><strong>feminis</strong></span> <span class='ocrx_word' id='word_1_36' title='bbox 600 1319 652 1383; x_wconf 92' lang='lat' dir='ltr'><strong>uel</strong></span> <span class='ocrx_word' id='word_1_37' title='bbox 680 1318 835 1382; x_wconf 88' lang='lat' dir='ltr'><strong>eunuchis</strong></span> <span class='ocrx_word' id='word_1_38' title='bbox 860 1340 922 1382; x_wconf 88' lang='lat' dir='ltr'><strong>uox</strong></span> <span class='ocrx_word' id='word_1_39' title='bbox 946 1322 1126 1401; x_wconf 80' lang='lat' dir='ltr'><strong>acutaest,</strong></span> <span class='ocrx_word' id='word_1_40' title='bbox 1153 1319 1233 1384; x_wconf 91' lang='lat' dir='ltr'><strong>uiris</strong></span> <span class='ocrx_word' id='word_1_41' title='bbox 1253 1321 1375 1403; x_wconf 75' lang='lat' dir='ltr'><strong>graccis,</strong></span> <span class='ocrx_word' id='word_1_42' title='bbox 1405 1350 1420 1389; x_wconf 89' lang='lat' dir='ltr'><strong>s</strong></span> 
     </span>
     <span class='ocr_line' id='line_1_7' title="bbox 362 1404 1375 1491; baseline 0.001 -21"><span class='ocrx_word' id='word_1_43' title='bbox 362 1404 478 1488; x_wconf 89' lang='lat' dir='ltr'><strong>quibus</strong></span> <span class='ocrx_word' id='word_1_44' title='bbox 512 1407 601 1470; x_wconf 89' lang='lat' dir='ltr'><strong>uocis</strong></span> <span class='ocrx_word' id='word_1_45' title='bbox 635 1408 792 1471; x_wconf 74' lang='lat' dir='ltr'><strong>transitus</strong></span> <span class='ocrx_word' id='word_1_46' title='bbox 822 1405 923 1471; x_wconf 88' lang='lat' dir='ltr'><strong>habet</strong></span> <span class='ocrx_word' id='word_1_47' title='bbox 952 1406 1090 1471; x_wconf 89' lang='lat' dir='ltr'><strong>liberum</strong></span> <span class='ocrx_word' id='word_1_48' title='bbox 1118 1411 1152 1471; x_wconf 87' lang='lat' dir='ltr'><strong>ct</strong></span> <span class='ocrx_word' id='word_1_49' title='bbox 1179 1429 1218 1471; x_wconf 87' lang='lat' dir='ltr'><strong>ex</strong></span> <span class='ocrx_word' id='word_1_50' title='bbox 1246 1408 1375 1491; x_wconf 81' lang='lat' dir='ltr'><strong>integro</strong></span> 
     </span>
    </p>

    <p class='ocr_par' dir='ltr' id='par_1_3' title="bbox 310 1493 1419 1930">
     <span class='ocr_line' id='line_1_8' title="bbox 310 1493 1375 1576; baseline 0.003 -20"><span class='ocrx_word' id='word_1_51' title='bbox 310 1493 351 1556; x_wconf 84' lang='lat'><strong>14</strong></span> <span class='ocrx_word' id='word_1_52' title='bbox 361 1495 528 1576; x_wconf 86' lang='lat' dir='ltr'><strong>petentem</strong></span> <span class='ocrx_word' id='word_1_53' title='bbox 561 1497 712 1558; x_wconf 83' lang='lat' dir='ltr'><strong>meatum.</strong></span> <span class='ocrx_word' id='word_1_54' title='bbox 765 1494 855 1558; x_wconf 91' lang='lat' dir='ltr'><strong>nasci</strong></span> <span class='ocrx_word' id='word_1_55' title='bbox 888 1499 996 1558; x_wconf 89' lang='lat' dir='ltr'><strong>autem</strong></span> <span class='ocrx_word' id='word_1_56' title='bbox 1030 1495 1063 1557; x_wconf 90' lang='lat' dir='ltr'><strong>in</strong></span> <span class='ocrx_word' id='word_1_57' title='bbox 1095 1495 1251 1559; x_wconf 84' lang='lat' dir='ltr'>eunuchis</span> <span class='ocrx_word' id='word_1_58' title='bbox 1279 1500 1312 1558; x_wconf 91' lang='lat' dir='ltr'><strong>et</strong></span> <span class='ocrx_word' id='word_1_59' title='bbox 1339 1495 1375 1559; x_wconf 90' lang='lat' dir='ltr'><strong>in</strong></span> 
     </span>
     <span class='ocr_line' id='line_1_9' title="bbox 361 1579 1374 1666; baseline 0.003 -23"><span class='ocrx_word' id='word_1_60' title='bbox 361 1579 491 1645; x_wconf 88' lang='lat' dir='ltr'><strong>feminis</strong></span> <span class='ocrx_word' id='word_1_61' title='bbox 510 1603 549 1645; x_wconf 85' lang='lat' dir='ltr'><strong>ex</strong></span> <span class='ocrx_word' id='word_1_62' title='bbox 567 1581 640 1665; x_wconf 89' lang='lat' dir='ltr'><strong>pari</strong></span> <span class='ocrx_word' id='word_1_63' title='bbox 657 1581 779 1666; x_wconf 78' lang='lat' dir='ltr'><strong>frigore</strong></span> <span class='ocrx_word' id='word_1_64' title='bbox 793 1602 904 1665; x_wconf 85' lang='lat' dir='ltr'><strong>parem</strong></span> <span class='ocrx_word' id='word_1_65' title='bbox 919 1603 1022 1665; x_wconf 85' lang='lat' dir='ltr'><strong>paene</strong></span> <span class='ocrx_word' id='word_1_66' title='bbox 1036 1581 1213 1664; x_wconf 85' lang='lat' dir='ltr'><strong>importuni</strong></span> <span class='ocrx_word' id='word_1_67' title='bbox 1229 1582 1374 1646; x_wconf 86' lang='lat' dir='ltr'><strong>humoris</strong></span> 
     </span>
     <span class='ocr_line' id='line_1_10' title="bbox 361 1668 1374 1754; baseline 0.003 -22"><span class='ocrx_word' id='word_1_68' title='bbox 361 1668 594 1734; x_wconf 85' lang='lat' dir='ltr'><strong>abundantium</strong></span> <span class='ocrx_word' id='word_1_69' title='bbox 614 1671 713 1735; x_wconf 88' lang='lat' dir='ltr'><strong>etiam</strong></span> <span class='ocrx_word' id='word_1_70' title='bbox 733 1669 810 1734; x_wconf 89' lang='lat' dir='ltr'><strong>hine</strong></span> <span class='ocrx_word' id='word_1_71' title='bbox 827 1670 938 1754; x_wconf 88' lang='lat' dir='ltr'><strong>liquet,</strong></span> <span class='ocrx_word' id='word_1_72' title='bbox 963 1669 1048 1753; x_wconf 91' lang='lat' dir='ltr'><strong>quod</strong></span> <span class='ocrx_word' id='word_1_73' title='bbox 1068 1674 1238 1754; x_wconf 89' lang='lat' dir='ltr'><strong>utrumque</strong></span> <span class='ocrx_word' id='word_1_74' title='bbox 1256 1692 1374 1754; x_wconf 65' lang='lat' dir='ltr'><strong>coruus</strong></span> 
     </span>
     <span class='ocr_line' id='line_1_11' title="bbox 361 1757 1419 1910; baseline 0.006 -89"><span class='ocrx_word' id='word_1_75' title='bbox 361 1778 466 1910; x_wconf 56' lang='lat' dir='ltr'><strong>saepe1</strong></span> <span class='ocrx_word' id='word_1_76' title='bbox 481 1757 679 1843; x_wconf 82' lang='lat' dir='ltr'><strong>pinguescit,</strong></span> <span class='ocrx_word' id='word_1_77' title='bbox 707 1763 794 1823; x_wconf 87' lang='lat' dir='ltr'><strong>certe</strong></span> <span class='ocrx_word' id='word_1_78' title='bbox 822 1757 923 1823; x_wconf 87' lang='lat' dir='ltr'><strong>ubera</strong></span> <span class='ocrx_word' id='word_1_79' title='bbox 950 1779 1050 1843; x_wconf 88' lang='lat' dir='ltr'><strong>prope</strong></span> <span class='ocrx_word' id='word_1_80' title='bbox 1073 1757 1222 1823; x_wconf 87' lang='lat' dir='ltr'><strong>similiter·</strong></span> <span class='ocrx_word' id='word_1_81' title='bbox 1245 1759 1373 1843; x_wconf 86' lang='lat' dir='ltr'><strong>utrique</strong></span> <span class='ocrx_word' id='word_1_82' title='bbox 1392 1787 1419 1826; x_wconf 79' lang='lat' dir='ltr'><strong>co</strong></span> 
     </span>
     <span class='ocr_line' id='line_1_12' title="bbox 361 1845 600 1930; baseline 0.013 -22"><span class='ocrx_word' id='word_1_83' title='bbox 361 1865 442 1930; x_wconf 82' lang='lat' dir='ltr'><strong>gran</strong></span> <span class='ocrx_word' id='word_1_84' title='bbox 466 1845 600 1911; x_wconf 67' lang='lat' dir='ltr'><strong>escunt?</strong></span> 
     </span>
    </p>
   </div>
   <div class='ocr_carea' id='block_1_3' title="bbox 307 1965 1419 3823">
    <p class='ocr_par' dir='ltr' id='par_1_4' title="bbox 307 1965 1419 3823">
     <span class='ocr_line' id='line_1_13' title="bbox 307 1965 1374 2055; baseline 0.003 -22"><span class='ocrx_word' id='word_1_85' title='bbox 307 1965 355 2034; x_wconf 81' lang='lat' dir='ltr'><strong>XI</strong></span> <span class='ocrx_word' id='word_1_86' title='bbox 451 1967 512 2035; x_wconf 89' lang='lat' dir='ltr'><strong>His</strong></span> <span class='ocrx_word' id='word_1_87' title='bbox 540 1970 634 2036; x_wconf 87' lang='lat' dir='ltr'><strong>dietis</strong></span> <span class='ocrx_word' id='word_1_88' title='bbox 663 1992 734 2036; x_wconf 88' lang='lat' dir='ltr'><strong>curn</strong></span> <span class='ocrx_word' id='word_1_89' title='bbox 763 1970 804 2036; x_wconf 88' lang='lat' dir='ltr'><strong>ad</strong></span> <span class='ocrx_word' id='word_1_90' title='bbox 831 1969 1097 2055; x_wconf 81' lang='lat' dir='ltr'><strong>interrogandum</strong></span> <span class='ocrx_word' id='word_1_91' title='bbox 1123 1971 1202 2037; x_wconf 90' lang='lat' dir='ltr'><strong>ordo</strong></span> <span class='ocrx_word' id='word_1_92' title='bbox 1226 1968 1374 2036; x_wconf 84' lang='lat' dir='ltr'><strong>Seruium</strong></span> 
     </span>
     <span class='ocr_line' id='line_1_14' title="bbox 361 2057 1375 2146; baseline 0.004 -24"><span class='ocrx_word' id='word_1_93' title='bbox 361 2057 427 2123; x_wconf 88' lang='lat' dir='ltr'><strong>iem</strong></span> <span class='ocrx_word' id='word_1_94' title='bbox 460 2065 604 2144; x_wconf 89' lang='lat' dir='ltr'><strong>uocaret,</strong></span> <span class='ocrx_word' id='word_1_95' title='bbox 636 2061 776 2126; x_wconf 86' lang='lat' dir='ltr'><strong>naturali</strong></span> <span class='ocrx_word' id='word_1_96' title='bbox 809 2082 940 2146; x_wconf 82' lang='lat' dir='ltr'><strong>pressus</strong></span> <span class='ocrx_word' id='word_1_97' title='bbox 969 2061 1023 2126; x_wconf 92' lang='lat' dir='ltr'><strong>ille</strong></span> <span class='ocrx_word' id='word_1_98' title='bbox 1052 2061 1245 2126; x_wconf 82' lang='lat' dir='ltr'><strong>uerecundia</strong></span> <span class='ocrx_word' id='word_1_99' title='bbox 1272 2083 1375 2144; x_wconf 89' lang='lat' dir='ltr'><strong>usque</strong></span> 
     </span>
     <span class='ocr_line' id='line_1_15' title="bbox 329 2148 1375 2235; baseline 0 -21"><span class='ocrx_word' id='word_1_100' title='bbox 329 2149 401 2214; x_wconf 77' lang='lat' dir='ltr'><strong>aad</strong></span> <span class='ocrx_word' id='word_1_101' title='bbox 439 2148 654 2233; x_wconf 86' lang='lat' dir='ltr'><strong>proditionem</strong></span> <span class='ocrx_word' id='word_1_102' title='bbox 698 2149 816 2215; x_wconf 89' lang='lat' dir='ltr'><strong>coloris</strong></span> <span class='ocrx_word' id='word_1_103' title='bbox 850 2150 987 2214; x_wconf 85' lang='lat' dir='ltr'><strong>erubuit</strong></span> <span class='ocrx_word' id='word_1_104' title='bbox 1039 2155 1072 2214; x_wconf 86' lang='lat' dir='ltr'><strong>et</strong></span> <span class='ocrx_word' id='word_1_105' title='bbox 1104 2149 1253 2215; x_wconf 90' lang='lat' dir='ltr'><strong>Disarius</strong></span> <span class='ocrx_word' id='word_1_106' title='bbox 1285 2148 1375 2235; x_wconf 61' lang='lat' dir='ltr'><strong>‘age</strong></span> 
     </span>
     <span class='ocr_line' id='line_1_16' title="bbox 360 2233 1415 2323; baseline 0.007 -24"><span class='ocrx_word' id='word_1_107' title='bbox 360 2233 466 2320; x_wconf 89' lang='lat' dir='ltr'><strong>Serui,</strong></span> <span class='ocrx_word' id='word_1_108' title='bbox 497 2258 563 2301; x_wconf 91' lang='lat' dir='ltr'><strong>non</strong></span> <span class='ocrx_word' id='word_1_109' title='bbox 597 2238 704 2303; x_wconf 90' lang='lat' dir='ltr'><strong>solum</strong></span> <span class='ocrx_word' id='word_1_110' title='bbox 732 2237 1000 2322; x_wconf 86' lang='lat' dir='ltr'><strong>adulescentium,</strong></span> <span class='ocrx_word' id='word_1_111' title='bbox 1037 2239 1094 2320; x_wconf 89' lang='lat' dir='ltr'><strong>qui</strong></span> <span class='ocrx_word' id='word_1_112' title='bbox 1124 2239 1186 2302; x_wconf 90' lang='lat' dir='ltr'><strong>tibi</strong></span> <span class='ocrx_word' id='word_1_113' title='bbox 1218 2240 1374 2323; x_wconf 86' lang='lat' dir='ltr'><strong>aequaeui</strong></span> <span class='ocrx_word' id='word_1_114' title='bbox 1391 2267 1415 2307; x_wconf 75' lang='lat' dir='ltr'><strong>rc</strong></span> 
     </span>
     <span class='ocr_line' id='line_1_17' title="bbox 359 2324 1376 2409; baseline 0.006 -23"><span class='ocrx_word' id='word_1_115' title='bbox 359 2328 451 2408; x_wconf 90' lang='lat' dir='ltr'><strong>sunt,</strong></span> <span class='ocrx_word' id='word_1_116' title='bbox 483 2324 538 2390; x_wconf 89' lang='lat' dir='ltr'><strong>sed</strong></span> <span class='ocrx_word' id='word_1_117' title='bbox 572 2347 684 2389; x_wconf 89' lang='lat' dir='ltr'><strong>senum</strong></span> <span class='ocrx_word' id='word_1_118' title='bbox 717 2348 844 2409; x_wconf 90' lang='lat' dir='ltr'><strong>quoque</strong></span> <span class='ocrx_word' id='word_1_119' title='bbox 878 2326 1023 2390; x_wconf 90' lang='lat' dir='ltr'><strong>omnium</strong></span> <span class='ocrx_word' id='word_1_120' title='bbox 1056 2325 1256 2407; x_wconf 85' lang='lat' dir='ltr'><strong>doctissime,</strong></span> <span class='ocrx_word' id='word_1_121' title='bbox 1289 2347 1376 2392; x_wconf 89' lang='lat' dir='ltr'><strong>eom-</strong></span> 
     </span>
     <span class='ocr_line' id='line_1_18' title="bbox 359 2411 1374 2499; baseline 0.005 -25"><span class='ocrx_word' id='word_1_122' title='bbox 359 2411 505 2476; x_wconf 87' lang='lat' dir='ltr'><strong>mescuie</strong></span> <span class='ocrx_word' id='word_1_123' title='bbox 527 2412 681 2496; x_wconf 82' lang='lat' dir='ltr'><strong>frontem,</strong></span> <span class='ocrx_word' id='word_1_124' title='bbox 710 2419 743 2477; x_wconf 91' lang='lat' dir='ltr'><strong>et</strong></span> <span class='ocrx_word' id='word_1_125' title='bbox 766 2416 968 2497; x_wconf 86' lang='lat' dir='ltr'><strong>sequestrata</strong></span> <span class='ocrx_word' id='word_1_126' title='bbox 990 2414 1196 2496; x_wconf 82' lang='lat' dir='ltr'><strong>uerecundia,</strong></span> <span class='ocrx_word' id='word_1_127' title='bbox 1220 2435 1317 2499; x_wconf 88' lang='lat' dir='ltr'><strong>quam</strong></span> <span class='ocrx_word' id='word_1_128' title='bbox 1340 2415 1374 2479; x_wconf 91' lang='lat' dir='ltr'><strong>iu</strong></span> 
     </span>
     <span class='ocr_line' id='line_1_19' title="bbox 358 2498 1373 2586; baseline 0.004 -24"><span class='ocrx_word' id='word_1_129' title='bbox 358 2504 390 2562; x_wconf 92' lang='lat' dir='ltr'><strong>te</strong></span> <span class='ocrx_word' id='word_1_130' title='bbox 414 2498 513 2564; x_wconf 87' lang='lat' dir='ltr'><strong>facies</strong></span> <span class='ocrx_word' id='word_1_131' title='bbox 538 2501 655 2565; x_wconf 90' lang='lat' dir='ltr'><strong>rubore</strong></span> <span class='ocrx_word' id='word_1_132' title='bbox 673 2501 805 2583; x_wconf 90' lang='lat' dir='ltr'><strong>indicat,</strong></span> <span class='ocrx_word' id='word_1_133' title='bbox 830 2501 940 2566; x_wconf 84' lang='lat' dir='ltr'><strong>confer</strong></span> <span class='ocrx_word' id='word_1_134' title='bbox 963 2501 1134 2566; x_wconf 89' lang='lat' dir='ltr'><strong>nobiseum</strong></span> <span class='ocrx_word' id='word_1_135' title='bbox 1154 2501 1263 2586; x_wconf 85' lang='lat' dir='ltr'><strong>libere,</strong></span> <span class='ocrx_word' id='word_1_136' title='bbox 1286 2502 1373 2586; x_wconf 87' lang='lat' dir='ltr'><strong>quod</strong></span> 
     </span>
     <span class='ocr_line' id='line_1_20' title="bbox 360 2589 1373 2672; baseline 0.001 -21"><span class='ocrx_word' id='word_1_137' title='bbox 360 2589 543 2672; x_wconf 86' lang='lat' dir='ltr'><strong>occurrerit,</strong></span> <span class='ocrx_word' id='word_1_138' title='bbox 565 2589 879 2672; x_wconf 79' lang='lat' dir='ltr'><strong>interrogationibus</strong></span> <span class='ocrx_word' id='word_1_139' title='bbox 903 2589 968 2654; x_wconf 91' lang='lat' dir='ltr'><strong>tuis</strong></span> <span class='ocrx_word' id='word_1_140' title='bbox 991 2612 1058 2654; x_wconf 90' lang='lat' dir='ltr'><strong>non</strong></span> <span class='ocrx_word' id='word_1_141' title='bbox 1081 2590 1187 2653; x_wconf 90' lang='lat' dir='ltr'><strong>minus</strong></span> <span class='ocrx_word' id='word_1_142' title='bbox 1207 2590 1373 2654; x_wconf 86' lang='lat' dir='ltr'><strong>doetrinae</strong></span> 
     </span>
     <span class='ocr_line' id='line_1_21' title="bbox 359 2675 1419 2761; baseline 0.005 -22"><span class='ocrx_word' id='word_1_143' title='bbox 359 2675 553 2760; x_wconf 83' lang='lat' dir='ltr'><strong>collaturus,</strong></span> <span class='ocrx_word' id='word_1_144' title='bbox 586 2699 683 2761; x_wconf 87' lang='lat' dir='ltr'><strong>quem</strong></span> <span class='ocrx_word' id='word_1_145' title='bbox 717 2678 745 2741; x_wconf 88' lang='lat' dir='ltr'><strong>si</strong></span> <span class='ocrx_word' id='word_1_146' title='bbox 777 2678 850 2742; x_wconf 89' lang='lat' dir='ltr'><strong>aliis</strong></span> <span class='ocrx_word' id='word_1_147' title='bbox 879 2678 1120 2742; x_wconf 84' lang='lat' dir='ltr'><strong>consulentibus</strong></span> <span class='ocrx_word' id='word_1_148' title='bbox 1148 2678 1217 2760; x_wconf 89' lang='lat' dir='ltr'><strong>ipse</strong></span> <span class='ocrx_word' id='word_1_149' title='bbox 1245 2698 1373 2761; x_wconf 88' lang='lat' dir='ltr'><strong>respon·</strong></span> <span class='ocrx_word' id='word_1_150' title='bbox 1391 2704 1419 2744; x_wconf 79' lang='lat' dir='ltr'><strong>so</strong></span> 
     </span>
     <span class='ocr_line' id='line_1_22' title="bbox 328 2763 1375 2850; baseline 0 -20"><span class='ocrx_word' id='word_1_151' title='bbox 328 2763 456 2830; x_wconf 83' lang='lat' dir='ltr'><strong>3deas.&#39;</strong></span> <span class='ocrx_word' id='word_1_152' title='bbox 508 2788 644 2850; x_wconf 91' lang='lat' dir='ltr'><strong>cumque</strong></span> <span class='ocrx_word' id='word_1_153' title='bbox 678 2767 799 2831; x_wconf 86' lang='lat' dir='ltr'><strong>diutule</strong></span> <span class='ocrx_word' id='word_1_154' title='bbox 832 2771 993 2831; x_wconf 78' lang='lat' dir='ltr'><strong>tacentem</strong></span> <span class='ocrx_word' id='word_1_155' title='bbox 1027 2767 1149 2830; x_wconf 84' lang='lat' dir='ltr'><strong>crebris</strong></span> <span class='ocrx_word' id='word_1_156' title='bbox 1178 2767 1233 2830; x_wconf 86' lang='lat' dir='ltr'><strong>ilie</strong></span> <span class='ocrx_word' id='word_1_157' title='bbox 1261 2766 1375 2830; x_wconf 82' lang='lat' dir='ltr'><strong>exhor·</strong></span> 
     </span>
     <span class='ocr_line' id='line_1_23' title="bbox 360 2854 1374 2940; baseline 0.002 -23"><span class='ocrx_word' id='word_1_158' title='bbox 360 2855 539 2920; x_wconf 86' lang='lat' dir='ltr'><strong>tatiouibus</strong></span> <span class='ocrx_word' id='word_1_159' title='bbox 560 2856 724 2935; x_wconf 84' lang='lat' dir='ltr'><strong>excitaret,</strong></span> <span class='ocrx_word' id='word_1_160' title='bbox 744 2855 838 2921; x_wconf 74' lang='lat' dir='ltr'><strong>‘boc&#39;</strong></span> <span class='ocrx_word' id='word_1_161' title='bbox 858 2856 964 2940; x_wconf 87' lang='lat' dir='ltr'><strong>inquit</strong></span> <span class='ocrx_word' id='word_1_162' title='bbox 980 2854 1112 2920; x_wconf 81' lang='lat' dir='ltr'><strong>Seruius</strong></span> <span class='ocrx_word' id='word_1_163' title='bbox 1128 2854 1183 2920; x_wconf 73' lang='lat' dir='ltr'><strong>‘ex</strong></span> <span class='ocrx_word' id='word_1_164' title='bbox 1197 2861 1229 2919; x_wconf 89' lang='lat' dir='ltr'><strong>te</strong></span> <span class='ocrx_word' id='word_1_165' title='bbox 1244 2877 1374 2940; x_wconf 80' lang='lat' dir='ltr'><strong>quaero,</strong></span> 
     </span>
     <span class='ocr_line' id='line_1_24' title="bbox 360 2943 1373 3029; baseline 0.002 -23"><span class='ocrx_word' id='word_1_166' title='bbox 360 2943 445 3027; x_wconf 91' lang='lat' dir='ltr'><strong>quod</strong></span> <span class='ocrx_word' id='word_1_167' title='bbox 478 2944 559 3007; x_wconf 92' lang='lat' dir='ltr'><strong>mihi</strong></span> <span class='ocrx_word' id='word_1_168' title='bbox 588 2945 763 3029; x_wconf 85' lang='lat' dir='ltr'><strong>contigisse</strong></span> <span class='ocrx_word' id='word_1_169' title='bbox 800 2945 925 3026; x_wconf 82' lang='lat' dir='ltr'><strong>dixisti,</strong></span> <span class='ocrx_word' id='word_1_170' title='bbox 957 2966 1038 3029; x_wconf 86' lang='lat' dir='ltr'><strong>quae</strong></span> <span class='ocrx_word' id='word_1_171' title='bbox 1068 2944 1166 3008; x_wconf 82' lang='lat' dir='ltr'><strong>iaciat</strong></span> <span class='ocrx_word' id='word_1_172' title='bbox 1193 2965 1303 3028; x_wconf 84' lang='lat' dir='ltr'><strong>cause,</strong></span> <span class='ocrx_word' id='word_1_173' title='bbox 1337 2951 1373 3007; x_wconf 91' lang='lat' dir='ltr'><strong>ut</strong></span> 
     </span>
     <span class='ocr_line' id='line_1_25' title="bbox 327 3031 1372 3117; baseline 0.001 -22"><span class='ocrx_word' id='word_1_174' title='bbox 327 3031 457 3095; x_wconf 89' lang='lat' dir='ltr'><strong>4rubor</strong></span> <span class='ocrx_word' id='word_1_175' title='bbox 489 3033 618 3116; x_wconf 90' lang='lat' dir='ltr'><strong>corpori</strong></span> <span class='ocrx_word' id='word_1_176' title='bbox 651 3056 689 3098; x_wconf 85' lang='lat' dir='ltr'><strong>ex</strong></span> <span class='ocrx_word' id='word_1_177' title='bbox 723 3035 822 3097; x_wconf 86' lang='lat' dir='ltr'><strong>errimi</strong></span> <span class='ocrx_word' id='word_1_178' title='bbox 855 3034 976 3117; x_wconf 83' lang='lat' dir='ltr'><strong>pudore</strong></span> <span class='ocrx_word' id='word_1_179' title='bbox 1009 3031 1200 3096; x_wconf 81' lang='lat' dir='ltr'><strong>nascatur·&#39;?&#39;</strong></span> <span class='ocrx_word' id='word_1_180' title='bbox 1251 3036 1283 3095; x_wconf 93' lang='lat' dir='ltr'><strong>et</strong></span> <span class='ocrx_word' id='word_1_181' title='bbox 1317 3032 1372 3096; x_wconf 87' lang='lat' dir='ltr'><strong>ilie</strong></span> 
     </span>
     <span class='ocr_line' id='line_1_26' title="bbox 358 3118 1416 3205; baseline 0.005 -23"><span class='ocrx_word' id='word_1_182' title='bbox 358 3118 507 3184; x_wconf 79' lang='lat' dir='ltr'><strong>‘natura&#39;</strong></span> <span class='ocrx_word' id='word_1_183' title='bbox 537 3122 644 3204; x_wconf 90' lang='lat' dir='ltr'><strong>inquit</strong></span> <span class='ocrx_word' id='word_1_184' title='bbox 671 3119 840 3205; x_wconf 81' lang='lat' dir='ltr'><strong>‘cumquid</strong></span> <span class='ocrx_word' id='word_1_185' title='bbox 866 3122 896 3183; x_wconf 91' lang='lat' dir='ltr'><strong>ei</strong></span> <span class='ocrx_word' id='word_1_186' title='bbox 924 3122 1064 3185; x_wconf 86' lang='lat' dir='ltr'><strong>occurrit</strong></span> <span class='ocrx_word' id='word_1_187' title='bbox 1087 3120 1223 3185; x_wconf 89' lang='lat' dir='ltr'><strong>honesto</strong></span> <span class='ocrx_word' id='word_1_188' title='bbox 1247 3120 1369 3204; x_wconf 89' lang='lat' dir='ltr'><strong>pudore</strong></span> <span class='ocrx_word' id='word_1_189' title='bbox 1387 3148 1416 3187; x_wconf 81' lang='lat' dir='ltr'><strong>as</strong></span> 
     </span>
     <span class='ocr_line' id='line_1_27' title="bbox 358 3207 1369 3294; baseline 0.003 -24"><span class='ocrx_word' id='word_1_190' title='bbox 358 3207 501 3292; x_wconf 84' lang='lat' dir='ltr'><strong>dignum,</strong></span> <span class='ocrx_word' id='word_1_191' title='bbox 524 3210 624 3273; x_wconf 91' lang='lat' dir='ltr'><strong>imum</strong></span> <span class='ocrx_word' id='word_1_192' title='bbox 650 3210 788 3293; x_wconf 87' lang='lat' dir='ltr'><strong>petendo</strong></span> <span class='ocrx_word' id='word_1_193' title='bbox 810 3213 960 3293; x_wconf 83' lang='lat' dir='ltr'><strong>penetrat</strong></span> <span class='ocrx_word' id='word_1_194' title='bbox 978 3209 1177 3293; x_wconf 81' lang='lat' dir='ltr'><strong>sanguinem,</strong></span> <span class='ocrx_word' id='word_1_195' title='bbox 1201 3230 1264 3294; x_wconf 93' lang='lat' dir='ltr'><strong>quo</strong></span> <span class='ocrx_word' id='word_1_196' title='bbox 1284 3230 1369 3273; x_wconf 86' lang='lat' dir='ltr'><strong>com·</strong></span> 
     </span>
     <span class='ocr_line' id='line_1_28' title="bbox 356 3298 1371 3382; baseline 0.001 -22"><span class='ocrx_word' id='word_1_197' title='bbox 356 3302 445 3361; x_wconf 91' lang='lat' dir='ltr'><strong>moto</strong></span> <span class='ocrx_word' id='word_1_198' title='bbox 474 3302 571 3382; x_wconf 86' lang='lat' dir='ltr'><strong>etque</strong></span> <span class='ocrx_word' id='word_1_199' title='bbox 600 3298 715 3362; x_wconf 84' lang='lat' dir='ltr'><strong>diffuso</strong></span> <span class='ocrx_word' id='word_1_200' title='bbox 743 3299 826 3362; x_wconf 90' lang='lat' dir='ltr'><strong>cutis</strong></span> <span class='ocrx_word' id='word_1_201' title='bbox 855 3299 1028 3382; x_wconf 77' lang='lat' dir='ltr'><strong>tinguitur,</strong></span> <span class='ocrx_word' id='word_1_202' title='bbox 1063 3302 1096 3360; x_wconf 89' lang='lat' dir='ltr'><strong>et</strong></span> <span class='ocrx_word' id='word_1_203' title='bbox 1123 3298 1198 3361; x_wconf 86' lang='lat' dir='ltr'><strong>iude</strong></span> <span class='ocrx_word' id='word_1_204' title='bbox 1225 3299 1371 3362; x_wconf 84' lang='lat' dir='ltr'><strong>nescitur</strong></span> 
     </span>
     <span class='ocr_line' id='line_1_29' title="bbox 326 3384 1370 3470; baseline -0.001 -19"><span class='ocrx_word' id='word_1_205' title='bbox 326 3387 464 3452; x_wconf 78' lang='lat' dir='ltr'><strong>brubor.</strong></span> <span class='ocrx_word' id='word_1_206' title='bbox 520 3387 631 3451; x_wconf 82' lang='lat' dir='ltr'><strong>dieunt</strong></span> <span class='ocrx_word' id='word_1_207' title='bbox 669 3389 767 3452; x_wconf 86' lang='lat' dir='ltr'><strong>etium</strong></span> <span class='ocrx_word' id='word_1_208' title='bbox 802 3384 942 3470; x_wconf 81' lang='lat' dir='ltr'><strong>pb&#39;ysici,</strong></span> <span class='ocrx_word' id='word_1_209' title='bbox 980 3386 1064 3470; x_wconf 84' lang='lat' dir='ltr'><strong>quod</strong></span> <span class='ocrx_word' id='word_1_210' title='bbox 1098 3391 1215 3450; x_wconf 83' lang='lat' dir='ltr'><strong>natura</strong></span> <span class='ocrx_word' id='word_1_211' title='bbox 1247 3387 1370 3470; x_wconf 83' lang='lat' dir='ltr'><strong>pudore</strong></span> 
     </span>
     <span class='ocr_line' id='line_1_30' title="bbox 358 3476 1370 3561; baseline 0 -21"><span class='ocrx_word' id='word_1_212' title='bbox 358 3480 446 3540; x_wconf 86' lang='lat' dir='ltr'><strong>tacte</strong></span> <span class='ocrx_word' id='word_1_213' title='bbox 479 3477 524 3539; x_wconf 88' lang='lat' dir='ltr'><strong>itu</strong></span> <span class='ocrx_word' id='word_1_214' title='bbox 557 3477 749 3561; x_wconf 82' lang='lat' dir='ltr'><strong>sauguinem</strong></span> <span class='ocrx_word' id='word_1_215' title='bbox 783 3481 858 3540; x_wconf 86' lang='lat' dir='ltr'><strong>aute</strong></span> <span class='ocrx_word' id='word_1_216' title='bbox 887 3499 920 3540; x_wconf 90' lang='lat' dir='ltr'><strong>se</strong></span> <span class='ocrx_word' id='word_1_217' title='bbox 948 3498 1007 3559; x_wconf 83' lang='lat' dir='ltr'><strong>pro</strong></span> <span class='ocrx_word' id='word_1_218' title='bbox 1037 3476 1220 3540; x_wconf 79' lang='lat' dir='ltr'><strong>uelamento</strong></span> <span class='ocrx_word' id='word_1_219' title='bbox 1249 3476 1370 3558; x_wconf 76' lang='lat' dir='ltr'><strong>tondet,</strong></span> 
     </span>
     <span class='ocr_line' id='line_1_31' title="bbox 356 3565 1415 3648; baseline 0.006 -23"><span class='ocrx_word' id='word_1_220' title='bbox 356 3568 393 3626; x_wconf 92' lang='lat' dir='ltr'><strong>ut</strong></span> <span class='ocrx_word' id='word_1_221' title='bbox 421 3565 565 3627; x_wconf 85' lang='lat' dir='ltr'><strong>uidemus</strong></span> <span class='ocrx_word' id='word_1_222' title='bbox 595 3586 752 3648; x_wconf 86' lang='lat' dir='ltr'><strong>quemque</strong></span> <span class='ocrx_word' id='word_1_223' title='bbox 781 3566 1020 3628; x_wconf 85' lang='lat' dir='ltr'><strong>erubescentem</strong></span> <span class='ocrx_word' id='word_1_224' title='bbox 1050 3586 1182 3627; x_wconf 86' lang='lat' dir='ltr'><strong>murrum</strong></span> <span class='ocrx_word' id='word_1_225' title='bbox 1206 3566 1269 3628; x_wconf 84' lang='lat' dir='ltr'><strong>sibi</strong></span> <span class='ocrx_word' id='word_1_226' title='bbox 1293 3570 1369 3629; x_wconf 89' lang='lat' dir='ltr'><strong>ante</strong></span> <span class='ocrx_word' id='word_1_227' title='bbox 1386 3594 1415 3632; x_wconf 78' lang='lat' dir='ltr'><strong>so</strong></span> 
     </span>
     <span class='ocr_line' id='line_1_32' title="bbox 356 3650 1369 3736; baseline 0.003 -23"><span class='ocrx_word' id='word_1_228' title='bbox 356 3650 471 3716; x_wconf 86' lang='lat' dir='ltr'><strong>faciem</strong></span> <span class='ocrx_word' id='word_1_229' title='bbox 510 3651 693 3734; x_wconf 84' lang='lat' dir='ltr'><strong>frequenter</strong></span> <span class='ocrx_word' id='word_1_230' title='bbox 729 3674 900 3736; x_wconf 89' lang='lat' dir='ltr'><strong>opponere.</strong></span> <span class='ocrx_word' id='word_1_231' title='bbox 960 3674 1018 3715; x_wconf 87' lang='lat' dir='ltr'><strong>uec</strong></span> <span class='ocrx_word' id='word_1_232' title='bbox 1056 3652 1202 3716; x_wconf 76' lang='lat' dir='ltr'><strong>dubitare</strong></span> <span class='ocrx_word' id='word_1_233' title='bbox 1241 3653 1280 3716; x_wconf 85' lang='lat' dir='ltr'><strong>de</strong></span> <span class='ocrx_word' id='word_1_234' title='bbox 1317 3653 1369 3717; x_wconf 90' lang='lat' dir='ltr'><strong>his</strong></span> 
     </span>
     <span class='ocr_line' id='line_1_33' title="bbox 355 3739 1367 3823; baseline 0.002 -21"><span class='ocrx_word' id='word_1_235' title='bbox 355 3740 488 3821; x_wconf 89' lang='lat' dir='ltr'><strong>peteris,</strong></span> <span class='ocrx_word' id='word_1_236' title='bbox 507 3761 579 3802; x_wconf 91' lang='lat' dir='ltr'><strong>cum</strong></span> <span class='ocrx_word' id='word_1_237' title='bbox 600 3740 681 3803; x_wconf 90' lang='lat' dir='ltr'><strong>nibil</strong></span> <span class='ocrx_word' id='word_1_238' title='bbox 701 3740 787 3804; x_wconf 83' lang='lat' dir='ltr'><strong>aliud</strong></span> <span class='ocrx_word' id='word_1_239' title='bbox 807 3740 850 3804; x_wconf 92' lang='lat' dir='ltr'><strong>sit</strong></span> <span class='ocrx_word' id='word_1_240' title='bbox 868 3740 967 3804; x_wconf 89' lang='lat' dir='ltr'><strong>rubor</strong></span> <span class='ocrx_word' id='word_1_241' title='bbox 986 3739 1048 3802; x_wconf 87' lang='lat' dir='ltr'><strong>nisi</strong></span> <span class='ocrx_word' id='word_1_242' title='bbox 1069 3739 1158 3803; x_wconf 85' lang='lat' dir='ltr'><strong>color</strong></span> <span class='ocrx_word' id='word_1_243' title='bbox 1178 3740 1367 3823; x_wconf 67' lang='lat' dir='ltr'><strong>sanguinis?</strong></span> 
     </span>
    </p>
   </div>
   <div class='ocr_carea' id='block_1_4' title="bbox 353 3946 1367 4159">
    <p class='ocr_par' dir='ltr' id='par_1_5' title="bbox 353 3946 1367 4159">
     <span class='ocr_line' id='line_1_34' title="bbox 426 3946 1367 4002; baseline 0.002 -2"><span class='ocrx_word' id='word_1_244' title='bbox 426 3953 441 4000; x_wconf 76' lang='lat'><strong>2</strong></span> <span class='ocrx_word' id='word_1_245' title='bbox 466 3952 490 4001; x_wconf 85' lang='lat' dir='ltr'><strong>et</strong></span> <span class='ocrx_word' id='word_1_246' title='bbox 514 3952 530 3999; x_wconf 83' lang='grc'>9</span> <span class='ocrx_word' id='word_1_247' title='bbox 554 3947 746 4002; x_wconf 82' lang='lat' dir='ltr'><strong>hubuudentu&#39;c</strong></span> <span class='ocrx_word' id='word_1_248' title='bbox 770 3948 798 4000; x_wconf 91' lang='lat' dir='ltr'><strong><em>P</em></strong></span> <span class='ocrx_word' id='word_1_249' title='bbox 885 3948 1079 4001; x_wconf 72' lang='grc' dir='ltr'>3ΛΡΓΗΡΙΑΝ</span> <span class='ocrx_word' id='word_1_250' title='bbox 1102 3946 1129 3998; x_wconf 88' lang='grc' dir='ltr'><em>Ρ</em></span> <span class='ocrx_word' id='word_1_251' title='bbox 1219 3952 1251 3999; x_wconf 80' lang='lat'><strong>15</strong></span> <span class='ocrx_word' id='word_1_252' title='bbox 1271 3947 1367 4002; x_wconf 83' lang='lat' dir='ltr'><strong>adole-</strong></span> 
     </span>
     <span class='ocr_line' id='line_1_35' title="bbox 354 4016 1334 4084; baseline 0.001 -14"><span class='ocrx_word' id='word_1_253' title='bbox 354 4016 442 4072; x_wconf 83' lang='lat' dir='ltr'><strong>seutu&#39;r</strong></span> <span class='ocrx_word' id='word_1_254' title='bbox 471 4035 539 4073; x_wconf 83' lang='lat' dir='ltr'><strong>corr.</strong></span> <span class='ocrx_word' id='word_1_255' title='bbox 568 4020 600 4075; x_wconf 78' lang='lat' dir='ltr'><strong>iu</strong></span> <span class='ocrx_word' id='word_1_256' title='bbox 629 4018 816 4072; x_wconf 71' lang='lat' dir='ltr'><strong>adolescentie</strong></span> <span class='ocrx_word' id='word_1_257' title='bbox 845 4021 877 4072; x_wconf 78' lang='lat' dir='ltr'><strong>iu</strong></span> <span class='ocrx_word' id='word_1_258' title='bbox 900 4019 927 4071; x_wconf 91' lang='lat' dir='ltr'><strong><em>P</em></strong></span> <span class='ocrx_word' id='word_1_259' title='bbox 1035 4025 1066 4071; x_wconf 79' lang='grc'><strong>16</strong></span> <span class='ocrx_word' id='word_1_260' title='bbox 1091 4032 1201 4084; x_wconf 70' lang='lat' dir='ltr'><strong>(uroque</strong></span> <span class='ocrx_word' id='word_1_261' title='bbox 1229 4035 1279 4071; x_wconf 75' lang='lat' dir='ltr'><strong>otu.</strong></span> <span class='ocrx_word' id='word_1_262' title='bbox 1305 4020 1334 4071; x_wconf 87' lang='lat' dir='ltr'><strong><em>P</em></strong></span> 
     </span>
     <span class='ocr_line' id='line_1_36' title="bbox 353 4088 1366 4159; baseline 0.002 -17"><span class='ocrx_word' id='word_1_263' title='bbox 353 4088 518 4159; x_wconf 71' lang='lat' dir='ltr'><strong>cotmesculu</strong></span> <span class='ocrx_word' id='word_1_264' title='bbox 539 4090 566 4142; x_wconf 91' lang='lat' dir='ltr'><strong><em>P</em></strong></span> <span class='ocrx_word' id='word_1_265' title='bbox 656 4093 689 4142; x_wconf 77' lang='lat'><strong>26</strong></span> <span class='ocrx_word' id='word_1_266' title='bbox 709 4088 870 4157; x_wconf 77' lang='lat' dir='ltr'><strong>sanguinem</strong></span> <span class='ocrx_word' id='word_1_267' title='bbox 895 4106 944 4143; x_wconf 84' lang='lat' dir='ltr'><strong>om.</strong></span> <span class='ocrx_word' id='word_1_268' title='bbox 971 4089 998 4141; x_wconf 90' lang='lat' dir='ltr'><em>P</em></span> <span class='ocrx_word' id='word_1_269' title='bbox 1087 4091 1197 4142; x_wconf 72' lang='lat' dir='ltr'><strong>comoto</strong></span> <span class='ocrx_word' id='word_1_270' title='bbox 1217 4089 1244 4142; x_wconf 94' lang='lat' dir='ltr'><em>P</em></span> <span class='ocrx_word' id='word_1_271' title='bbox 1332 4095 1366 4144; x_wconf 71' lang='lat'><strong>28</strong></span> 
     </span>
    </p>
   </div>
   <div class='ocr_carea' id='block_1_5' title="bbox 352 4158 498 4228">
    <p class='ocr_par' dir='ltr' id='par_1_6' title="bbox 352 4158 498 4228">
     <span class='ocr_line' id='line_1_37' title="bbox 352 4158 498 4228; baseline 0.007 -16"><span class='ocrx_word' id='word_1_272' title='bbox 352 4158 451 4228; x_wconf 70' lang='lat' dir='ltr'><strong>phrixei</strong></span> <span class='ocrx_word' id='word_1_273' title='bbox 471 4160 498 4213; x_wconf 94' lang='lat' dir='ltr'><em>P</em></span> 
     </span>
    </p>
   </div>
   <div class='ocr_carea' id='block_1_6' title="bbox 0 0 1726 5190">
    <p class='ocr_par' dir='ltr' id='par_1_7' title="bbox 0 0 1726 5190">
     <span class='ocr_line' id='line_1_38' title="bbox 0 0 1726 5190; baseline 0 9"><span class='ocrx_word' id='word_1_274' title='bbox 0 0 1726 5190; x_wconf 95' lang='lat' dir='ltr'><strong> </strong></span> 
     </span>
    </p>
   </div>
  </div>
 </body>
</html>
