3322 5190
752 800 959 856 PRAEFATIO

348 966 495 1051 margine
519 965 670 1029 interiore
694 964 731 1029 P.
746 964 860 1030 Punou
884 963 955 1051 (sed
972 964 1059 1029 linea
1073 968 1259 1029 transuersa
1276 963 1361 1029 dele-

346 1070 441 1158 tum),
460 1070 525 1138 Iac.
541 1071 622 1154 Any.
639 1071 774 1154 Thermop,
794 1073 826 1134 in
847 1071 963 1134 ultimo
983 1070 1060 1135 folio
1076 1092 1168 1135 uerso
1184 1070 1220 1134 P.
1235 1070 1364 1136 Pithon.

347 1177 489 1263 scriptus
505 1181 555 1242 est
571 1178 604 1240 iu
619 1176 724 1241 forma
738 1176 896 1261 quadrata
911 1178 1032 1242 maiore
1047 1176 1176 1245 saeculo
1187 1176 1359 1243 undecimo

348 1283 464 1349 litteris
494 1285 633 1368 primum
663 1282 793 1368 quidem
821 1283 901 1348 satis
931 1283 1071 1369 magnis,
1098 1284 1131 1348 iu
1162 1283 1224 1347 fine
1254 1285 1361 1348 multo

349 1390 530 1456 minoribns
564 1391 619 1455 sed
653 1390 763 1455 eodem
798 1394 885 1455 certe
917 1394 1075 1475 tempore:
1115 1412 1189 1455 nam
1225 1389 1363 1455 eundem

348 1494 513 1561 hominem
548 1500 653 1560 totum
687 1497 804 1560 librum
843 1518 991 1560 exarasse
1029 1497 1083 1560 uix
1122 1496 1363 1560 affirmanerim.

352 1601 477 1666 scholia
501 1601 659 1686 quaedam
683 1602 924 1666 commentariis
955 1603 988 1666 iu
1016 1602 1177 1665 somnium
1202 1598 1364 1684 Scipionis

352 1708 558 1772 —eontinet
581 1708 667 1771 eninr
692 1707 752 1771 hos
776 1710 810 1771 et
832 1707 946 1771 deinde
966 1706 1151 1772 Saturnalia
1170 1707 1299 1790 integra
1322 1744 1357 1752 —

351 1809 463 1875 addite
486 1811 607 1894 pariter
630 1812 723 1875 omisi
749 1816 844 1896 atque
868 1811 1084 1895 capitulorum
1109 1811 1231 1876 indices
1259 1811 1365 1894 (uelut

349 1919 386 1984 de
409 1914 581 2004 mantuus)
605 1921 638 1981 et
661 1918 741 1982 elias
765 1918 895 1982 notulas
918 1938 1037 2001 pancas
1061 1914 1171 2002 (nelut
1192 1916 1364 2006 trppbcton)

348 2023 493 2111 margini
513 2023 649 2088 additas.
689 2025 883 2109 scripturam
903 2025 1092 2109 primariam
1112 2024 1227 2089 eadum
1247 2047 1363 2090 manus

348 2135 530 2199 atramento
542 2132 652 2215 paullo
663 2132 827 2217 uegetiore
839 2132 988 2216 correxit,
998 2152 1080 2215 qnae
1091 2135 1258 2215 praetcrea
1268 2134 1364 2197 raris·

349 2239 430 2303 aime
449 2259 564 2302 manns
583 2238 774 2302 recentioris
794 2241 969 2301 occurrunt
983 2237 1234 2320 emendationes,
1254 2238 1365 2302 littera

346 2339 387 2406 ΡΙ
407 2343 595 2428 significatui.
624 2343 702 2406 totio
717 2345 793 2406 sunt
807 2343 975 2427 octoginta
989 2346 1142 2426 quattuor
1157 2343 1224 2406 sine
1239 2347 1365 2426 qnater·

348 2449 465 2515 niones
493 2453 629 2533 septem,
652 2448 759 2512 ternio
783 2469 880 2528 nnus,
904 2448 1014 2532 quinio
1038 2470 1135 2531 nnus,
1159 2448 1248 2512 senio
1271 2470 1365 2533 rinus,

350 2556 442 2621 cuius
465 2559 573 2620 tumen
597 2577 696 2618 unum
720 2552 833 2618 folium
859 2554 956 2618 deest.
994 2559 1162 2638 praetcrea
1185 2558 1261 2638 post
1276 2556 1363 2620 tertii

351 2663 572 2750 quaternionis
593 2664 731 2746 prirnnus
751 2660 863 2725 folinna
885 2661 1032 2726 cirurtulu
1055 2661 1211 2726 minutior·
1230 2663 1364 2746 ingluti-

350 2774 429 2836 nute
447 2776 498 2835 cst
511 2770 655 2855 picturus
670 2769 849 2833 continens.
886 2768 940 2852 qni
960 2767 1053 2832 lutrio
1073 2767 1215 2833 codicem
1232 2769 1364 2835 Parisiis

349 2875 489 2944 contulit
511 2897 571 2940 nec
594 2877 722 2959 plenam
746 2874 894 2939 lectionis
918 2875 1111 2939 uarietatem
1138 2876 1309 2959 exscripsit
1331 2881 1364 2940 ct

350 2983 530 3048 innumeris
558 2981 639 3045 locis
667 2980 762 3062 plane
791 2978 924 3062 falsa1n3
957 3000 1016 3062 ego
1049 2979 1106 3042 nbi
1139 2980 1234 3044 aliter
1265 2984 1363 3064 utque

350 3087 462 3153 lanius
492 3085 615 3169 rettuli,
646 3107 697 3148 me
731 3088 763 3147 et
794 3085 901 3148 codice
931 3087 965 3147 ct
992 3083 1083 3147 lanio
1112 3085 1265 3167 inspectis
1295 3087 1364 3149 sine

350 3193 471 3258 referre
494 3192 563 3257 sine
581 3195 688 3255 tacere
707 3188 872 3254 sciendum
892 3194 956 3253 est:
980 3189 1059 3253 nihil
1075 3190 1158 3253 enim
1175 3191 1363 3273 cuiusquam

350 3299 507 3363 interesse
530 3298 657 3380 putaui,
687 3300 724 3359 ut
752 3295 828 3359 duta
856 3317 955 3379 opera
982 3299 1032 3359 tot
1058 3294 1139 3358 locis
1163 3295 1249 3378 apud
1271 3295 1363 3358 illum

349 3424 414 3469 non
438 3406 526 3467 reeta
546 3402 610 3486 legi
630 3405 776 3466 testarer.
807 3401 920 3465 notaui
941 3400 1050 3464 omnia
1069 3404 1102 3464 et
1116 3422 1154 3463 ex
1169 3398 1315 3464 Parisino
1332 3406 1363 3463 et

352 3529 390 3572 ex
405 3506 702 3591 Bambergensibus
722 3509 851 3590 praeter·
864 3507 1011 3587 crispili-ns
1028 3505 1181 3568 snctcncia
1196 3505 1364 3584 impaciens

349 3617 430 3681 erecto
463 3614 565 3681 rethor
592 3613 744 3679 rethorica
775 3613 888 3677 sittota
919 3611 1106 3676 sinmzacnue
1133 3609 1295 3675 consonis
1327 3632 1364 3675 ce

351 3726 385 3786 et
413 3743 429 3787 c
457 3722 616 3787 elementa
646 3724 790 3803 mutata,
820 3721 1010 3804 plerumque
1036 3717 1131 3781 omisi
1153 3721 1168 3781 t
1192 3719 1225 3779 ct
1251 3739 1268 3781 c
1294 3739 1363 3800 per·

352 3834 479 3894 mutata
502 3833 655 3913 sequente
684 3829 703 3892 i.
758 3829 792 3891 in
821 3827 930 3892 codice
968 3824 1062 3890 modo
1089 3828 1234 3906 qrrottnor
1266 3823 1362 3888 niodo

352 3946 485 4018 protnor
512 3936 678 4019 scribitur3
706 3934 761 3998 nbi
789 3939 923 4016 quatitur
951 3937 1014 4016 eet,
1042 3952 1107 3994 non
1135 3930 1254 3994 notaui.
1304 3931 1362 3994 uli-

353 4043 502 4127 quotiens
530 4047 674 4124 scqrcrctus
702 4041 867 4123 scribitur,
895 4060 956 4125 ego
983 4038 1082 4102 tacite
1115 4059 1152 4100 ox
1181 4036 1214 4099 B
1245 4037 1361 4120 scripsi

350 4153 477 4215 enatus.
526 4149 560 4212 in
595 4149 765 4233 particulis
798 4145 930 4212 Graecis
965 4167 1031 4210 non
1066 4144 1178 4209 uotoni
1213 4150 1362 4208 occentus
