3322 5190
333 794 396 860 126
643 871 644 874 p
726 795 800 853 sar.
820 795 949 851 n1ea11

330 958 520 1024 dinoscitur.
571 957 779 1023 simulacrum
810 958 895 1023 enim
921 979 1053 1023 aureum
1082 959 1189 1044 specie
1217 959 1344 1024 inberbi

330 1047 435 1111 instat
461 1045 592 1110 dextera
616 1046 742 1112 eleuata
765 1068 837 1111 cum
861 1047 963 1130 flagro
987 1046 1021 1111 in
1046 1046 1179 1132 aurigae
1202 1046 1344 1131 modom,

276 1130 277 1133 '
330 1133 425 1199 laeua
447 1137 538 1198 tenet
561 1134 684 1199 fulmen
707 1139 739 1199 et
763 1136 878 1235 spicas,
901 1156 985 1218 qnae
1008 1137 1126 1199 cuncta
1144 1135 1233 1199 louis
1252 1135 1344 1200 solis·

279 1223 395 1307 litque
423 1221 640 1287 consociatam
665 1226 846 1307 potentiam
873 1225 1064 1286 monstrant.
1109 1221 1205 1287 huius
1229 1223 1344 1307 templi

329 1311 446 1397 religio
471 1312 568 1376 etiam
592 1311 789 1377 diuinatione
809 1310 996 1395 praepollet,
1015 1333 1097 1395 qnae
1116 1311 1158 1376 nd
1177 1310 1343 1396 Apollinis
1372 1341 1384 1382 ⁵

329 1404 525 1485 potestatem
549 1399 701 1485 refertur,
729 1401 785 1485 qui
807 1400 892 1464 idem
916 1405 1014 1484 atque
1038 1400 1087 1465 sol
1110 1404 1168 1467 est.
1214 1399 1344 1464 uehitur

329 1489 416 1553 enim
439 1489 646 1554 simulacrum
670 1487 720 1553 dei
742 1488 975 1571 Heliopolitani
1000 1487 1131 1572 ferculo,
1154 1488 1203 1552 uti
1222 1488 1343 1553 uehun-

328 1579 382 1640 tur
405 1576 440 1640 in
462 1597 582 1660 pompa
607 1575 755 1641 ludorum
780 1572 978 1640 Circensium
1002 1573 1135 1640 deorum
1158 1575 1343 1656 simulacra,

329 1668 362 1728 et
384 1664 525 1729 subeunt
547 1664 736 1748 plerumque
759 1663 946 1749 prouinciae
969 1684 1117 1747 proceres
1141 1685 1215 1728 raso
1234 1663 1341 1747 capite

328 1752 418 1836 longi
450 1751 606 1834 temporis
639 1752 831 1816 castimonia
863 1753 952 1837 puri,
988 1752 1198 1835 feranturque
1229 1751 1341 1815 diuino
1357 1782 1382 1820 ιο

328 1839 453 1923 spiritu,
475 1860 541 1902 non
564 1860 622 1903 suo
642 1840 777 1904 arbitrio
797 1838 852 1904 sed
872 1861 936 1924 quo
955 1839 1033 1903 deus
1053 1838 1204 1922 propellit
1222 1838 1341 1903 uehen-

328 1931 387 2010 tes,
417 1930 455 1992 ut
485 1927 632 1992 uidemus
665 1927 750 2012 apud
782 1927 916 1993 Antium
949 1927 1133 2012 promoueri
1166 1927 1342 1992 simulacra

278 2018 319 2084 14
330 2013 546 2083 Fortunarum
565 2015 604 2083 ad
625 2015 730 2082 danda
748 2039 912 2103 responsa.
949 2017 1122 2083 consulunt
1139 2015 1225 2082 hunc
1244 2017 1339 2081 dennr

328 2111 361 2171 et
383 2107 533 2172 absentes
557 2106 667 2172 missis
690 2107 922 2192 diplomatibus
945 2107 1154 2193 consignatis,
1176 2107 1339 2172 rescribit·

329 2216 391 2282 qne
415 2196 528 2262 ordine
550 2195 591 2262 ad
616 2218 663 2282 ea,
687 2218 769 2281 quae
787 2196 1025 2262 consultatione
1044 2196 1155 2262 addita
1172 2196 1380 2266 continauri

327 2287 389 2350 tur.
442 2285 488 2351 sic
516 2288 549 2348 et
577 2285 755 2368 imperator
782 2284 941 2350 Traianus
969 2285 1109 2351 initurus
1138 2306 1176 2349 ex
1204 2307 1242 2350 ea
1269 2308 1341 2370 pro·

326 2373 433 2438 uincia
444 2372 613 2438 Parthiam
627 2394 700 2437 cum
716 2374 859 2439 exercitu
873 2373 1157 2438 constantissimae
1173 2374 1341 2457 religionis

327 2460 535 2527 hortantibus
558 2461 680 2547 amicis,
703 2463 759 2546 qui
779 2461 920 2527 maxima
939 2461 1071 2526 huiusce
1090 2461 1233 2526 numinis
1252 2484 1342 2546 cepe-

327 2552 402 2614 rant
425 2549 653 2634 axparimenta‚
675 2555 713 2615 nt
734 2550 772 2615 de
791 2555 911 2615 euentu
930 2550 1114 2615 consuleret
1132 2550 1179 2614 rei
1198 2555 1341 2635 coeptae,

327 2639 396 2724 egit
409 2638 556 2704 Romano
574 2639 709 2704 consilio
727 2640 818 2724 prius
833 2639 1031 2722 explorando
1051 2638 1147 2704 iidem
1162 2639 1340 2725 religionis,
1355 2670 1381 2708 ro

325 2748 366 2791 ne
389 2727 472 2793 forle
496 2727 585 2792 fraus
609 2728 756 2793 subesset
777 2730 927 2811 bumana,
951 2733 984 2792 at
1006 2729 1147 2813 primurn
1166 2729 1256 2793 misit
1275 2730 1341 2814 sig-

276 2816 421 2881 lbnatos
455 2816 634 2901 codicillos,
666 2817 706 2882 ad
739 2839 820 2900 quos
847 2818 910 2882 sibi
938 2817 1072 2881 rescribi
1105 2816 1212 2883 uellet.
1262 2817 1341 2883 dens

329 2905 425 2970 iussit
449 2905 568 2970 adferri
586 2905 742 2985 chartam,
761 2929 896 2991 eamque
916 2905 1039 2991 signari
1059 2928 1174 2991 puram
1193 2910 1226 2971 et
1244 2907 1341 2992 mitti,

329 2995 536 3077 stupentibus
560 2994 783 3059 sacerdotibus
807 2996 847 3059 ad
871 2995 939 3058 eius
963 2993 1050 3058 modi
1073 2996 1205 3059 factum.
1248 2995 1341 3078 igno-

328 3082 447 3146 rabant
482 3082 600 3165 qnippe
637 3083 858 3147 condicionem
891 3083 1121 3148 codicillorum.
1174 3082 1235 3147 hoa
1268 3101 1381 3146 cuniae

329 3171 470 3233 maxima
493 3170 706 3234 admiratione
726 3171 884 3235 Traianus
904 3171 1038 3256 excepit,
1061 3169 1146 3254 qnod
1170 3172 1240 3254 ipsa
1263 3191 1341 3253 quo-

276 3258 387 3342 lbque
416 3257 504 3342 puris
532 3257 662 3322 tabellis
690 3282 762 3324 cum
793 3259 852 3324 deo
880 3260 1009 3344 egisset.
1054 3263 1131 3324 tnnc
1158 3259 1231 3323 aliis
1255 3258 1340 3323 codi-

326 3345 409 3410 cillis
433 3346 622 3430 conscriptis
646 3348 848 3432 signatisque
873 3349 1022 3431 consulit,
1045 3369 1087 3412 an
1109 3347 1245 3412 Romam
1269 3370 1338 3432 pcr-

325 3438 451 3517 patrato
476 3434 561 3498 bello
585 3434 745 3500 rediturus
769 3437 877 3501 asset?
914 3436 1014 3500 uitem
1034 3436 1241 3500 centurialern
1261 3435 1340 3500 daus

325 3544 363 3586 ex
388 3523 575 3587 muneribus
599 3523 633 3586 in
652 3525 730 3589 aedo
749 3525 904 3589 dedicatis
924 3525 1040 3588 deferri
1060 3524 1162 3608 iussit,
1186 3525 1337 3589 diuisum·
1352 3544 1379 3582 co

324 3631 385 3693 que
414 3611 447 3675 iu
470 3613 581 3695 partes
604 3610 734 3677 sudario
759 3614 852 3677 condi
881 3634 918 3677 ac
941 3611 1077 3697 proinde
1099 3612 1186 3676 ferri.
1232 3614 1337 3677 exitus

397 3801 624 3856 lsrmulacbrum
640 3801 668 3855 P
719 3803 838 3858 imberbi
853 3805 881 3858 P
932 3803 1109 3858 tdextera*
1128 3804 1298 3927 guimarum.
1315 3805 1338 3868 t)

322 3872 351 3926 B
412 3871 645 3942 'lhelinpolrlum
664 3873 730 3927 B‘P
787 3882 819 3930 19
839 3878 938 3948 ceptae
958 3875 990 3944 P,
1014 3876 1111 3944 ceptae
1212 3873 1337 3927 nicodi-

324 3941 411 3997 cellos
426 3942 489 3996 BP
554 3944 654 3998 dehinc
673 3951 737 4000 orele
755 3945 824 3999 deul
838 3948 902 4002 odd.
922 3947 972 4000 Bm
1044 3945 1235 3999 23afforr11’
1303 3949 1338 3997 24

323 4012 427 4067 iactam
443 4010 479 4067 B‘
517 4018 551 4069 25
566 4015 827 4070 conditionemBP
861 4016 1101 4071 codicellornt
1147 4020 1179 4069 27
1195 4015 1299 4068 tabulis
1313 4015 1340 4068 P

323 4083 520 4209 ⁰⁰di⁰⁰¹¹iss{
603 4092 637 4141 29
661 4087 833 4142 centnralem
857 4085 904 4158 P',
928 4088 1026 4144 deinde
1047 4086 1117 4157 (lapi
1135 4088 1168 4142 ai
1189 4087 1273 4155 {ullor
1298 4086 1334 4139 P'

322 4160 357 4208 30
394 4173 462 4211 rear
