3442 5190
761 825 812 879 KV
833 832 937 881 12-21
1315 826 1356 890 ’Π

344 988 404 1052 bus
426 987 537 1054 Idibus
558 987 629 1054 Ioui
649 987 839 1054 immolatur
857 1010 877 1053 a
895 987 1036 1055 flamine.
1082 988 1177 1054 nobie
1196 988 1254 1055 illa
1272 990 1355 1057 ratio
1369 992 1409 1058 l'l

344 1078 485 1142 nominis
512 1099 589 1143 uero
617 1077 753 1163 propior
780 1077 987 1160 aestimatur,
1019 1081 1057 1143 ut
1084 1077 1175 1144 Idus
1203 1101 1357 1145 nocemus

345 1165 429 1231 diem
457 1167 522 1251 qui
550 1166 693 1231 diuidit
720 1187 896 1234 mensem.
941 1167 1075 1233 iduare
1103 1167 1189 1232 enim
1216 1167 1358 1233 Etrusca

345 1255 455 1341 lingua
483 1255 656 1320 diuidere
681 1257 746 1335 est,
766 1253 851 1319 uude
873 1254 990 1320 uidua
1013 1255 1106 1342 quusi
1130 1255 1245 1321 ualde
1268 1257 1358 1323 idua

319 1343 378 1407 sid
393 1346 438 1408 ist
455 1345 567 1408 ualde
586 1343 727 1427 diuise,
745 1345 803 1408 aut
822 1343 951 1428 uidua,
969 1344 1001 1409 id
1016 1350 1101 1409 eete
1119 1344 1204 1411 uiro
1219 1345 1355 1410 diuisa.

345 1437 381 1496 ut
403 1435 512 1498 autem
534 1432 625 1498 Idus
648 1454 778 1499 omnes
802 1431 902 1518 Ioui,
924 1433 981 1498 ita
1003 1454 1135 1498 omnes
1159 1433 1355 1500 Kalendas
1369 1435 1408 1502 18

346 1522 481 1588 lunoni
508 1522 679 1588 tributas
703 1525 737 1587 et
760 1520 940 1589 Vnnaorus
965 1525 998 1587 et
1026 1522 1278 1607 pontificalis
1302 1525 1358 1588 ad-

345 1612 455 1677 firmat
477 1612 664 1677 auotoritas.
710 1611 797 1696 quod
820 1611 920 1675 etiam
943 1609 1121 1677 Laurentes
1143 1611 1260 1696 patriis
1283 1612 1357 1678 reli-

310 1699 1359 1873 10ttllsstt‘lttlllllttttttsti‘tt‘t:

1213 1842 1222 1876 l

346 1879 493 1944 omnibus
512 1878 668 1945 Kalendis
687 1901 707 1943 a
725 1900 837 1943 mense
855 1876 974 1944 Martio
994 1879 1035 1944 ad
1049 1877 1262 1943 Decembrem
1281 1879 1358 1946 huie

346 1967 422 2032 deae
443 1968 663 2032 Kalendarum
687 1967 738 2031 die
762 1966 956 2051 supplicant
995 1965 1119 2031 Itomae
1143 1988 1271 2051 quoque
1293 1966 1356 2032 Ka·
1369 1971 1410 2033 19

345 2054 449 2118 lendis
471 2055 631 2134 omnibus,
653 2059 784 2138 praeter
806 2055 893 2138 quod
915 2053 1063 2137 pontifex
1086 2054 1193 2119 minor
1212 2056 1247 2118 in
1267 2056 1357 2120 ouria

347 2139 572 2206 celebrarem
592 2142 737 2206 diuinam
755 2141 872 2206 Iunoni
892 2141 979 2220 feeit,
1003 2142 1101 2205 etiam
1120 2141 1234 2226 regina
1252 2164 1357 2208 saero-

307 2251 332 2291 u
347 2251 429 2310 rum,
457 2229 490 2293 id
519 2232 571 2294 eet
597 2230 685 2315 regis
713 2251 808 2310 uxor,
835 2250 968 2313 porcam
990 2229 1043 2293 uel
1066 2247 1186 2312 egnum
1208 2229 1243 2293 in
1266 2231 1358 2317 regie

346 2315 460 2382 Iunoni
491 2318 651 2383 immolat.
705 2340 725 2381 a
757 2341 822 2402 qua
854 2317 954 2382 eliam
986 2316 1120 2382 Ianum
1152 2317 1357 2383 Iunonium

347 2407 609 2491 cognominatum
639 2407 791 2490 diximus,
824 2406 909 2492 quod
937 2406 987 2472 illi
1015 2406 1073 2472 deo
1101 2407 1207 2471 omnia
1236 2407 1357 2494 ingres·

348 2518 414 2578 eus,
439 2496 516 2563 huie
544 2496 623 2562 deae
651 2497 759 2563 cuncti
784 2496 1006 2561 Kalendarum
1034 2495 1101 2561 dies
1131 2496 1282 2562 uidentur
1305 2495 1359 2562 ad·

348 2585 468 2669 scripti.
513 2608 586 2651 eum
614 2585 700 2650 enim
726 2584 820 2649 initia
843 2585 1002 2649 mensium
1026 2585 1165 2650 maiores
1188 2585 1292 2650 nostri
1316 2587 1357 2651 ab
1368 2587 1411 2653 20

307 2698 336 2737 eo
349 2677 460 2740 exortu
483 2675 579 2740 lunae
603 2674 821 2758 seruauerint,
843 2673 912 2738 iure
935 2674 1055 2738 Iunoni
1079 2674 1272 2739 addixerunt
1294 2674 1358 2740 Ka·

349 2762 469 2847 lendes,
493 2764 601 2828 lunam
626 2784 664 2828 ee
686 2724 844 2827 lunoneln
867 2762 1001 2826 eandem
1020 2764 1188 2845 putantes:
1210 2763 1263 2827 uel
1283 2763 1360 2846 quia

348 2851 425 2915 luna
447 2873 505 2935 per
528 2872 634 2915 aerem
658 2854 755 2931 meat,
777 2849 861 2913 unde
885 2853 919 2913 et
941 2849 1055 2913 Graeci
1078 2847 1220 2913 lunam*
1213 2856 1360 2934 Αρτεμιν

314 2934 1360 3110 11151Ρί11111111111111311111111

312 3134 338 3176 rs
353 3112 526 3198 Kalendas,
548 3115 624 3179 huie
647 3114 724 3178 deae
747 3116 1028 3178 eonsecrauerunt.

434 3203 504 3268 Nee
526 3202 589 3268 hoo
611 3202 895 3287 praetermiserim,
918 3201 1002 3284 quod
1026 3201 1149 3285 nuptiis
1169 3200 1410 3284 copulandie2l

350 3291 511 3355 Kalendas
534 3291 648 3356 Nonas
672 3295 705 3354 et
726 3289 804 3354 Idus
828 3289 1014 3375 religiosae,
1037 3290 1071 3353 id
1094 3292 1145 3352 est
1168 3289 1359 3353 deuitandas

349 3382 549 3444 censuerunt
597 3378 631 3442 hi
656 3378 742 3442 enim
766 3377 833 3442 dies
857 3381 987 3460 praeter
1005 3375 1118 3441 Nonae
1141 3377 1250 3441 feriati
1273 3381 1360 3459 sunt,

350 3467 437 3532 feriis
457 3472 565 3532 autem
585 3467 651 3531 uim
671 3465 822 3551 cuiquam
841 3465 911 3529 fieri
929 3465 1095 3550 piaculare
1114 3468 1173 3548 est,
1191 3465 1264 3530 ideo
1283 3469 1360 3530 tune

310 3557 495 3621 renitantur
526 3556 659 3639 nuptiae
692 3555 726 3619 in
755 3555 872 3638 quibus
900 3555 951 3619 uie
979 3554 1049 3620 sreri
1077 3555 1197 3640 uirgini
1224 3554 1360 3621 uidetur.

420 3737 433 3784 1
454 3730 529 3784 roms
542 3728 705 3783 rmmolalar
723 3728 750 3781 Β
818 3733 834 3781 1
853 3744 983 3798 proprior
1003 3729 1032 3782 Ρ
1094 3734 1112 3783 4
1130 3727 1158 3782 al
1176 3730 1208 3783 ia
1226 3727 1310 3783 ualde
1328 3731 1361 3784 ia

349 3817 403 3856 ree
422 3804 454 3856 in
470 3801 499 3854 P
556 3798 783 3855 readdederunt
802 3797 841 3851 P'
900 3799 1136 3855 kalendarem-
1156 3805 1188 3854 11
1207 3798 1360 3855 hamdene

350 3908 411 3962 odd.
431 3908 481 3962 ΒΜ
546 3912 579 3962 11
597 3883 777 3961 kalendarum
796 3903 859 3959 dres
875 3903 1014 3975 suplicent
1031 3905 1058 3958 Β
1121 3903 1316 3976 supplreabant
1335 3905 1363 3960 P

353 3986 499 4034 ltronom
519 3977 553 4034 Β’
593 3985 626 4033 15
645 3977 721 4049 regis
735 3993 786 4031 om.
805 3976 834 4031 P
869 3982 902 4031 16
921 3982 1036 4031 rononn'r
1056 3974 1091 4032 Β’
1131 3982 1162 4030 17
1182 3978 1315 4032 uocatum
1335 3977 1364 4031 P

354 4049 561 4120 18aser1ptrP
617 4055 652 4103 10
671 4047 820 4104 tradall’
875 4054 910 4102 11
929 4064 993 4102 aere
1012 4050 1060 4102 eat
1078 4048 1105 4102 Β
1167 4050 1287 4103 artemrn
1305 4048 1364 4103 BP

352 4126 385 4174 11
412 4123 528 4191 epotom
560 4137 629 4176 corr.
658 4122 690 4174 in
721 4121 865 4190 epotomrn
885 4120 942 4189 (sed
969 4137 988 4188 p
1015 4125 1053 4175 eet
1083 4118 1192 4175 Graeco
1218 4121 1248 4190 ρ)
1275 4120 1307 4175 r'a
1334 4119 1361 4173 Β

353 4193 510 4247 reaeraP
562 4197 595 4245 11
615 4190 704 4246 nones
717 4207 768 4246 om
790 4190 818 4243 P
