3322 5190
568 895 634 953 xvl
652 899 759 953 tt-tt
786 895 867 952 XVII
887 902 955 954 1-e
1224 898 1289 966 649

277 1061 499 1145 selinunteus
523 1058 663 1124 siderum
687 1058 741 1124 uel
763 1079 924 1145 recursus,
947 1080 1029 1143 quae
1053 1059 1164 1125 omnis
1182 1060 1292 1128 enims
1316 1056 1318 1058 ’

277 1150 427 1215 mouente
445 1149 652 1234 proueniunt,
674 1147 864 1213 inmobilem
883 1169 960 1214 uero
980 1169 1050 1213 eam
1070 1147 1185 1233 diesne,
1208 1170 1290 1234 quse

277 1239 389 1303 mouet
411 1236 528 1318 omnia,
552 1235 726 1301 Aristoteli
748 1257 816 1300 non
838 1236 999 1317 conuenit,
1022 1234 1077 1321 qui
1096 1239 1238 1320 qnentus
1256 1237 1292 1303 in

279 1325 351 1390 eliis
384 1326 427 1391 sit
458 1325 633 1409 probatum
666 1326 730 1407 est,
768 1324 822 1390 sed
855 1325 904 1388 itii
938 1327 1080 1407 tantum,
1112 1347 1207 1411 quem
1240 1326 1291 1392 uis

251 1419 428 1498 eneturee,
451 1435 547 1499 quem
571 1412 656 1479 retio
681 1412 856 1479 manifeste
877 1435 945 1479 uon
967 1416 1108 1479 mouent.

342 1538 467 1606 Edoeto
491 1539 592 1625 igitur
615 1542 712 1624 etque
735 1537 865 1605 adserto
888 1538 1015 1604 enimse
1038 1541 1130 1605 motu
1153 1537 1240 1606 nfri-
1250 1538 1346 1607 XVII
1378 1572 1381 1577 ·

277 1651 389 1714 eunus,
421 1629 561 1714 qualiter
593 1628 747 1694 exercitio
781 1627 850 1693 eius
877 1626 1033 1693 utendum
1062 1629 1117 1714 sit,
1149 1628 1183 1694 in
1210 1629 1292 1696 hese

277 1718 376 1783 uerba
404 1717 542 1783 mandet
570 1720 604 1782 et
625 1717 796 1802 praecipit:
825 1717 922 1781 hene
949 1719 989 1780 tu
1018 1738 1153 1783 exeree
1181 1721 1323 1805 epte-2

278 1807 349 1873 mis
380 1806 420 1872 in
452 1807 576 1873 rebus.
627 1809 716 1872 sunt
744 1807 871 1872 eutem
900 1808 1081 1892 optumae
1109 1828 1221 1873 euree
1249 1806 1292 1873 de

241 1898 408 1962 resolute
436 1896 602 1982 patriae,
630 1894 769 1980 quibus
794 1895 969 1980 agitatus
992 1897 1030 1959 et
1053 1895 1292 1962 exercitetur

281 1986 430 2050 enimus
453 1984 627 2051 uelocius
648 1984 686 2048 in
705 1985 802 2049 hane
821 1983 944 2049 sedem
964 1987 1002 2048 et
1020 1983 1167 2050 domum
1187 2007 1293 2050 suem

279 2073 519 2159 peruolebit,
554 2072 670 2157 idque
709 2071 816 2137 oeius
853 2071 987 2153 fseiet,
1024 2071 1057 2137 si
1093 2072 1167 2137 iem
1200 2076 1293 2158 tum,

280 2183 360 2226 eum
390 2161 467 2226 erit
495 2161 669 2226 inclusus
697 2161 736 2224 in
765 2180 939 2243 corpere,
966 2159 1152 2225 eminebit
1174 2160 1294 2246 fores,

283 2254 320 2314 et
351 2271 407 2332 ee,
444 2271 538 2334 quae
571 2252 679 2314 extre
711 2250 834 2330 erunt,
869 2248 1149 2332 contemplans,
1182 2272 1293 2335 quem

242 2338 443 2404 remexime
493 2359 531 2403 se
582 2360 602 2402 e
647 2358 806 2422 corpore
853 2336 1064 2402 abstrahet
1132 2342 1326 2424 namquee

284 2451 412 2496 eorum
454 2426 585 2513 enimi,
627 2427 689 2512 qni
731 2449 770 2494 se
807 2425 981 2513 eorporis
1020 2426 1293 2514 uoluptatibus

283 2518 525 2603 (indiderunt,
549 2539 751 2604 serumque
775 2541 813 2583 se
832 2517 942 2603 qussi
960 2517 1160 2584 ministros
1185 2541 1294 2605 pree·

282 2608 463 2692 buerunt,
499 2608 733 2693 inpulsuque
770 2607 987 2673 lubidinem
1019 2607 1294 2693 uoluptatibus

284 2696 571 2764 oboedientium
609 2695 762 2762 deorum
799 2699 836 2762 et
871 2696 1066 2761 hominum
1100 2698 1182 2763 iure
1213 2698 1294 2764 nio·

243 2786 483 2870 releuerunt,
528 2784 757 2870 corporibus
803 2784 926 2870 elapsi
968 2785 1109 2851 eireum
1151 2789 1294 2851 terreni

284 2876 406 2958 ipsam
447 2874 689 2955 uolutantur,
730 2893 797 2938 nee
838 2874 937 2938 hune
978 2873 1016 2938 in
1057 2875 1181 2940 lenum
1218 2874 1295 2940 nisi

283 2962 418 3028 multis
442 2961 635 3047 exagiteti
659 2960 828 3027 saeculis
852 2964 1113 3028 reuertuntur.
1149 2960 1184 3028 in
1202 2964 1328 3049 supe-4

282 3052 367 3117 riore
394 3049 490 3116 huius
519 3051 626 3135 operis
654 3053 748 3136 perte
776 3048 916 3115 diximus
943 3049 1023 3115 alies
1047 3050 1185 3136 otiosos,
1212 3051 1295 3117 eliae

264 3139 471 3227 'negotiosus
509 3161 579 3205 esse
617 3139 767 3224 uirtutes,
804 3143 838 3205 et
872 3139 947 3205 illes
980 3139 1197 3226 philosophis,
1235 3140 1295 3206 hes

241 3246 269 3288 rr
283 3251 390 3294 rerum
435 3228 636 3313 publicorum
680 3227 861 3294 rectoribus
906 3228 1093 3311 conuenire,
1142 3233 1296 3314 utresque

282 3320 391 3381 temen
412 3320 613 3382 exercentem
636 3315 742 3381 faeere
765 3317 908 3382 beetum.
950 3314 1012 3381 hee
1035 3317 1176 3383 uirtutes
1198 3316 1296 3383 inter·

282 3404 358 3469 dum
386 3403 587 3487 diuiduntur,
614 3426 679 3470 non
702 3426 880 3489 numquam
904 3425 982 3470 uero
1005 3405 1193 3484 miscentur,
1224 3427 1297 3471 enm

283 3498 492 3577 utrarumque
523 3514 625 3578 eepex
659 3494 692 3556 et
723 3494 841 3558 nature
873 3495 906 3557 et
931 3493 1140 3558 institutione
1169 3493 1296 3559 enimus

284 3582 457 3648 inuenitur.
516 3603 591 3647 nem
634 3581 735 3665 siquis
777 3582 818 3647 ab
858 3581 947 3647 omni
984 3580 1114 3665 quidem
1153 3581 1330 3650 doetrineb

243 3671 444 3736 rehabeatur
471 3670 609 3754 alienus,
636 3670 671 3734 in
699 3690 733 3734 re
756 3668 886 3756 publiea
909 3673 1021 3735 temen
1044 3674 1079 3736 et
1100 3670 1241 3756 prudens
1265 3675 1299 3737 et

284 3763 483 3844 temperatus
511 3762 545 3824 et
571 3759 666 3825 fortis
694 3761 728 3824 et
754 3759 858 3824 iustus
887 3758 945 3842 sit,
972 3758 1026 3824 hie
1054 3781 1074 3824 e
1101 3759 1227 3826 ferietis
1250 3781 1298 3825 re·

356 3924 372 3973 t
391 3915 565 3974 immobilem
584 3918 641 3973 BP
729 3919 847 3986 tqnem
866 3918 951 3987 Pom,
969 3933 1041 3987 quoe
1059 3919 1088 3974 B
1178 3919 1300 3989 trgrtnr

283 4006 334 4045 om.
354 3990 382 4045 B
435 3988 539 4045 efferto
557 3989 586 4044 B
639 3991 766 4061 tfierprt
783 3989 880 4047 dieenl'
894 3989 923 4044 P
973 3989 1090 4061 optumi
1106 3988 1162 4044 PB
1215 3995 1299 4061 top·

284 4059 429 4134 timePB
494 4065 526 4114 11
545 4062 577 4116 ut
595 4059 671 4114 otini
684 4061 712 4114 Β
778 4064 810 4116 12
830 4059 947 4115 otrniB
1013 4065 1046 4115 14
1064 4058 1199 4116 eruntB'
1266 4064 1299 4114 le

284 4130 411 4216 eorporis
424 4147 475 4186 om.
494 4131 522 4185 P
576 4136 609 4186 18
628 4130 803 4202 impulsuque
822 4131 880 4187 BP
930 4130 1051 4220 libidini
1070 4131 1125 4186 PB
1183 4135 1216 4187 19
1235 4130 1301 4220 obe·

285 4202 441 4329 iimiriiiitii
449 4276 454 4342 Ι
470 4202 1049 4343 seenlriteiiitiimPlurilBtemperiiilii
1069 4202 1105 4271 P,
1123 4201 1251 4258 molam
1273 4201 1301 4258 B
