3442 5190
756 801 808 856 Vll
827 806 933 857 ae-ee
1307 807 1355 871 35

342 962 499 1027 ensibus
535 961 675 1029 ineolis
704 983 944 1048 occupauere
976 963 1173 1049 regionem
1206 965 1354 1034 decima

341 1050 501 1136 praedae
525 1050 734 1116 secundum
757 1073 984 1136 responsum
1008 1052 1188 1138 Apollini
1217 1077 1353 1123 conse·

339 1142 456 1224 crate,
483 1141 624 1206 erectis
657 1162 701 1204 ue
725 1139 807 1205 Diti
835 1141 984 1207 sacello
1012 1145 1050 1207 et
1078 1141 1245 1209 Saturno
1274 1167 1353 1231 are,

339 1229 444 1294 cuius
469 1228 609 1294 festum
631 1163 862 1294 teturnalia
891 1230 1150 1297 nominarunt
1192 1234 1403 1319 cumquedl

313 1317 399 1383 adiu
428 1318 606 1384 humanis
635 1317 834 1404 capitibus
857 1317 984 1384 Ditem
1013 1323 1050 1385 et
1078 1322 1249 1387 uirorum
1272 1324 1351 1391 uie·

337 1407 441 1473 timis
470 1405 676 1473 Saturnum
704 1410 860 1493 placare
888 1429 927 1474 se
961 1410 1165 1477 crederent
1191 1415 1352 1498 propter

338 1497 547 1582 oraculum,
570 1496 609 1562 in
633 1520 705 1583 quo
729 1501 809 1563 erut

378 1619 434 1688 sod
455 1623 602 1707 κεφαλὰς
615 1619 713 1710 ‘'Aodp
735 1620 792 1689 καὶ
812 1630 859 1712 τῷ
882 1621 982 1710 πατρὶ
1004 1621 1144 1709 πέμπετε
1166 1637 1277 1712 φῶτα,

337 1746 537 1813 Herculem
570 1749 680 1814 ferunt
707 1751 844 1833 postea
876 1770 958 1814 cnm
986 1748 1179 1834 Geryonis
1213 1773 1351 1835 pecore

299 1859 401 1922 seper
423 1836 580 1903 ltaliam
603 1841 864 1903 reuertentem
889 1838 1062 1903 suasisse
1085 1839 1242 1905 illorum
1265 1863 1352 1926 poe·

336 1924 444 2010 teria,
472 1929 510 1992 ut
536 1927 684 1992 faustis
712 1926 926 1993 sacrificiis
953 1927 1128 1994 infausta
1157 1933 1352 1997 mutarent

335 2015 547 2081 inferentes
579 2015 663 2081 Diti
695 2038 770 2082 non
801 2016 998 2082 hominnm
1030 2017 1162 2102 capite
1193 2019 1259 2084 sed
1292 2041 1350 2085 os·

336 2104 428 2168 oilla
456 2103 500 2169 ad
532 2104 731 2169 humanam
764 2104 940 2190 effigiem
970 2108 1052 2170 arte
1087 2107 1284 2190 simulata,
1313 2112 1350 2173 et

335 2214 419 2256 ares
447 2191 652 2257 Saturnius
680 2215 755 2259 non
782 2192 982 2258 mactando
1011 2195 1096 2259 uiro
1124 2194 1192 2259 sed
1216 2218 1349 2261 accen·

297 2280 386 2344 rasis
406 2280 618 2345 luminibus
633 2280 870 2364 excolentes,
889 2281 1068 2365 quianon
1087 2284 1209 2347 solum
1224 2283 1347 2348 uirum

336 2368 396 2432 sed
420 2372 458 2433 et
480 2368 629 2433 lumina
651 2369 747 2453 φῶτα
776 2368 990 2456 significet.
1022 2369 1096 2435 inde
1120 2392 1190 2436 mos
1213 2393 1272 2457 per
1294 2370 1402 2439 Saea

336 2457 476 2523 turnolio
498 2457 701 2522 missitandis
724 2457 839 2543 eoepit

424 2545 490 2611 Alii
509 2568 618 2612 cereos
636 2569 703 2613 non
721 2547 764 2612 ob
784 2546 873 2611 aliud
893 2546 981 2611 mitti
1000 2549 1126 2631 putant,
1146 2570 1243 2633 quam
1263 2549 1348 2635 quod

335 2633 396 2700 lioo
422 2637 567 2720 principe
600 2636 641 2702 ab
674 2636 794 2700 incomi
823 2637 857 2700 et
885 2635 1061 2701 tenebrosa
1089 2637 1158 2701 uita
1186 2639 1280 2723 quasi
1308 2637 1348 2704 ad

295 2749 322 2787 so
335 2723 437 2788 lucem
460 2728 493 2789 et
511 2725 670 2790 bonarum
690 2725 812 2789 artium
831 2723 1003 2789 scientiam
1022 2723 1101 2789 editi
1125 2747 1244 2792 sumus.
1267 2726 1347 2791 illud
1358 2728 1401 2793 33

334 2811 1348 2984 tittltllittttttt¹dussttdt¹ttttt

333 2988 401 3053 bus
437 2989 644 3055 ambitiose
677 3011 834 3055 munera
865 2989 1081 3075 exigerent,
1108 2988 1223 3074 idque
1252 3013 1347 3056 onus

334 3077 532 3147 tenuiores
565 3081 762 3165 grauarct‚
796 3076 995 3143 Publicius
1027 3078 1208 3145 tribunus
1241 3079 1346 3166 plebi

295 3168 441 3248 retulit,
469 3191 543 3235 non
566 3168 644 3234 nisi
668 3168 767 3234 cerei
791 3167 1002 3234 ditioribus
1031 3168 1346 3237 missitarentur.’

421 3256 485 3323 Hic
508 3258 647 3324 Albinus
671 3257 811 3323 Caecina
838 3257 976 3324 subiecit
1006 3256 1146 3343 ‘qualem
1169 3282 1254 3325 nuuc
1276 3283 1345 3346 per·
1356 3263 1400 3329 34

333 3347 546 3412 mutationem
571 3347 729 3430 sacrilicii,
751 3346 965 3430 Praetextate,
987 3349 1190 3433 memorasti,
1212 3350 1343 3416 inuenio

333 3438 446 3519 postea
482 3435 769 3522 Compitalibus
806 3436 1015 3520 celebratum,
1052 3459 1123 3502 cum
1160 3437 1239 3502 ludi
1276 3461 1345 3523 per

332 3523 463 3590 urbem
495 3526 531 3590 in
565 3524 744 3610 compitis
768 3524 1034 3612 agitabantur,
1061 3526 1237 3591 restituti
1271 3527 1343 3592 sci·

292 3612 429 3678 solieet
457 3614 709 3699 a'l'arquinio
733 3613 904 3698 Superbo
928 3613 1093 3679 Laribus
1122 3637 1165 3681 ac
1192 3615 1343 3681 Maniae

332 3736 544 3747 .—-—---.

402 3819 608 3892 uresponlpum
620 3816 656 3874 B'
693 3822 813 3876 ΒΑΙΔΗΙ
824 3822 858 3890 P,
871 3822 1001 3876 ΑΔΗ·Β
1036 3821 1346 3877 ΠΗΜΠΕΤΕ2ΦωΤΑ

333 3891 400 3955 (uid.
415 3891 501 3958 [uisse
515 3892 544 3959 t)
558 3891 587 3946 B
641 3898 657 3946 2
676 3891 800 3963 genonis
814 3893 839 3960 b,
858 3891 983 3961 regroml
996 3892 1024 3946 B
1080 3895 1112 3945 12
1128 3891 1259 3947 hominus
1267 3893 1348 3961 apula

331 3958 487 4017 virtuale
545 3967 579 4017 14
593 3961 670 4017 urroi
680 3978 703 4033 p
756 3959 931 4018 aceensolB'
989 3962 1095 4017 lulcta
1109 3963 1170 4017 BP
1222 3964 1347 4032 llcprt

334 4030 361 4082 P
416 4037 452 4087 20
471 4031 540 4087 edici
559 4032 595 4088 H
655 4039 689 4087 22
709 4032 866 4089 eleentrbnl
884 4030 917 4088 1y
973 4038 1006 4087 23
1026 4033 1168 4088 honulB'
1227 4038 1261 4087 2⁶
1280 3978 1345 4086 ditr-

332 4102 426 4227 orpppl
440 4118 514 4227 eppei
535 4101 571 4158 P'
644 4109 679 4158 28
698 4121 760 4158 cum
779 4102 980 4175 compitalibus
995 4103 1023 4158 Β
1095 4109 1129 4158 29
1149 4101 1307 4173 agebantur
1321 4103 1350 4157 P

332 4188 360 4226 re
385 4190 438 4228 rus

1095 4260 1132 4314 3*
