3322 5190
377 833 443 898 452
753 830 828 887 ΒΔΤ.
847 831 945 886 LIBRI
963 831 1015 888 vn

324 996 472 1074 23aluua
489 1014 555 1059 non
576 992 755 1077 perniciose
774 991 916 1057 nritnrl'
955 998 988 1058 et
1006 992 1063 1057 ille
1083 993 1274 1058 ‘intestinus
1293 994 1391 1072 calor,

378 1083 435 1169 qui
461 1081 495 1146 in
524 1081 599 1146 aluo
628 1086 691 1163 cst,
719 1081 810 1164 quasi
838 1082 942 1145 multo
972 1082 1076 1145 maior
1104 1080 1390 1164 uehementiorque

378 1168 529 1255 quicquid
548 1169 687 1234 calidum
708 1169 834 1254 accipit,
857 1169 1079 1254 magnitudine
1098 1190 1157 1233 sua
1176 1168 1391 1234 circumuenit

380 1280 417 1325 ac
450 1257 608 1324 debilitat
660 1258 732 1323 ideo
766 1262 912 1342 praestat
938 1257 1044 1341 siquid
1073 1257 1122 1323 ori
1149 1258 1309 1323 feruidum
1338 1257 1392 1322 ad-

380 1348 530 1431 moneris,
547 1369 623 1412 nam
641 1351 678 1414 ut
696 1347 827 1433 quidam
845 1346 969 1412 iaciunt
988 1348 1086 1431 hiare,
1105 1369 1146 1412 ne
1167 1369 1252 1412 nouo
1272 1348 1391 1431 spiritu
1418 1367 1431 1407 a

379 1437 500 1503 feruori
518 1437 605 1502 uires
624 1438 799 1520 ministres,
818 1436 875 1501 sed
896 1437 1060 1521 paulisper
1075 1438 1167 1502 labra
1181 1438 1392 1521 conprimere,

379 1531 416 1592 ut
443 1526 547 1591 maior
573 1526 675 1604 calor,
708 1526 763 1609 qui
792 1525 831 1589 cle
860 1530 971 1590 uentre
999 1528 1096 1590 etiam
1126 1527 1174 1590 ori
1202 1527 1392 1610 opitulatur,

380 1614 562 1698 conprimat
591 1614 746 1679 minorem
774 1615 923 1678 calorem.
969 1636 1084 1679 manne
1108 1619 1231 1697 autom,
1258 1620 1295 1676 ut
1322 1634 1390 1677 reru

381 1702 540 1767 feruidam
568 1701 651 1766 ferre
679 1701 797 1784 possit,
823 1702 913 1765 nullo
942 1704 1073 1784 proprio
1101 1702 1233 1765 iuuatur
1262 1701 1391 1765 calore!

328 1793 370 1858 24
470 1787 556 1854 ‘Iam
589 1788 724 1853 dudum’
756 1788 862 1870 inquit
889 1789 1034 1853 Auienus
1063 1790 1174 1852 ‘nosse
1207 1810 1302 1871 aueo,
1334 1810 1432 1852 curio

328 1936 330 1939 .
382 1898 480 1961 aqua,
508 1898 590 1961 qnae
614 1876 721 1940 obsita
743 1876 853 1960 globis
877 1876 1002 1940 niniam
1026 1876 1213 1959 perducitur
1236 1876 1276 1940 ad
1300 1877 1392 1940 niua-

381 1965 446 2028 lem
468 1965 619 2047 rigorem,
643 1964 749 2026 miuus
773 1964 806 2025 in
831 1967 909 2044 potu
933 1964 1030 2026 noxia
1054 1967 1112 2043 est,
1135 1984 1231 2046 quam
1255 1982 1294 2026 ex
1318 1963 1392 2046 ipsa

380 2052 456 2116 niue
483 2072 568 2135 aqna
595 2051 761 2115 resoluta?
806 2053 924 2114 seimus
954 2051 1053 2134 enim,
1081 2056 1160 2133 quot
1187 2055 1391 2134 quantaeque

381 2159 484 2205 noxae
508 2142 603 2222 epoto
628 2139 710 2202 niuis
735 2139 869 2202 humore
892 2138 1086 2203 nascantur?

326 2230 370 2297 25
468 2226 514 2292 nt
535 2226 684 2292 Disarius
714 2225 814 2292 ‘addo
843 2226 965 2312 aliquid
994 2234 1069 2292 ate
1093 2227 1258 2311 quaesitis.
1305 2249 1390 2310 aqua
1407 2246 1430 2287 rr

381 2316 467 2380 enim
491 2337 530 2380 ex
553 2316 627 2380 niue
650 2315 792 2379 resoluta
813 2317 912 2379 etiam
936 2317 964 2379 ei
988 2317 1061 2398 igne
1086 2315 1214 2379 calefiat
1232 2319 1265 2379 et
1284 2316 1392 2380 calida

382 2403 521 2486 bibatur,
544 2425 644 2488 aeque
669 2405 766 2469 noxia
789 2410 847 2486 est,
871 2426 908 2468 ac
926 2404 955 2467 si
975 2410 1071 2487 epota
1090 2405 1134 2468 sit
1152 2403 1279 2488 frigida.
1312 2426 1390 2488 ergo

380 2515 445 2557 non
474 2491 544 2557 eolo
571 2492 680 2577 rigore
709 2491 828 2557 niualis
856 2514 939 2576 aqua
967 2493 1148 2577 perniciosa
1176 2499 1238 2574 est,
1267 2491 1323 2557 sed
1348 2494 1389 2557 ob

380 2581 479 2647 aliam
516 2603 662 2664 causam,
703 2605 799 2666 quam
835 2604 899 2645 non
936 2582 1062 2667 pigebit
1098 2582 1221 2665 aperire
1259 2585 1390 2646 auctore

381 2671 620 2754 Aarsrorsaa,
657 2671 711 2754 qui
749 2672 781 2735 in
819 2688 974 2737 enrsmrs
1012 2688 1284 2749 ovlus'noumvs
1323 2674 1430 2734 siriaco

381 2762 464 2825 lianc
493 2761 614 2843 posuit,
644 2768 676 2824 et
705 2762 737 2824 in
764 2761 846 2825 lrunc
870 2784 1013 2844 sensum,
1041 2763 1074 2825 ni
1100 2761 1209 2843 l'allor,
1238 2762 1389 2825 absoluit.

327 2852 506 2919 ‘leoninis
544 2873 641 2934 aqua
674 2851 777 2934 inquit
813 2851 930 2914 lrabot
967 2853 1004 2914 in
1038 2873 1076 2913 se
1110 2851 1209 2914 acris
1242 2851 1389 2914 tennis-

382 2939 469 3002 aimi
507 2940 740 3020 portionem,
772 2962 844 3022 quo
877 2939 1063 3003 salutaris
1096 2945 1167 3020 est,
1204 2939 1321 3001 lrabct
1354 2946 1391 3001 et

382 3030 545 3090 terream
594 3026 752 3104 faecem,
798 3049 869 3109 qua
918 3034 977 3090 est
1022 3029 1251 3108 corpulenta
1302 3034 1390 3107 post

382 3118 533 3178 terram.
571 3136 652 3177 cum
677 3136 768 3199 ergo
793 3116 895 3178 aeris
919 3115 1065 3199 frigore
1089 3119 1126 3177 et
1149 3116 1235 3196 gelu
1256 3123 1430 3177 coactare

382 3203 588 3283 coalescit,
612 3224 766 3266 necesse
789 3209 846 3266 est
865 3226 931 3285 per
950 3204 1261 3285 cuaporationeru
1282 3204 1390 3265 uelut

382 3290 549 3375 exprimi
576 3313 619 3353 ex
649 3313 691 3354 ea
719 3313 847 3353 auram
877 3291 983 3354 illam
1010 3293 1290 3371 tenuissimam,
1318 3313 1390 3372 (pua

382 3379 604 3442 discedente
632 3381 839 3444 conueniat
867 3381 904 3442 in
929 3381 1127 3464 coagulum
1154 3380 1236 3443 sola
1260 3385 1389 3443 terrea

381 3467 419 3530 in
453 3489 493 3530 ac
522 3473 744 3531 remanente
776 3473 916 3532 natura.
969 3469 1067 3551 quod
1095 3468 1184 3532 hinc
1212 3475 1389 3551 apparet,

382 3555 485 3639 quie,
514 3579 592 3620 oum
624 3557 741 3620 fuerit
769 3557 897 3621 eadem
926 3581 1023 3641 aqua
1052 3558 1147 3620 solis
1177 3558 1304 3620 calore
1333 3577 1430 3619 re-eo

382 3643 524 3727 soluta,
549 3646 671 3708 minor
695 3645 826 3708 modus
852 3646 933 3709 eius
953 3646 1161 3728 reperitur,
1185 3667 1294 3729 quam
1314 3646 1389 3708 fuit

382 3737 586 3814 antequam
625 3733 931 3817 congelasceret‚
969 3735 1078 3799 deest
1115 3737 1254 3815 antam,
1291 3735 1390 3816 quod

451 3904 485 3949 20
505 3898 582 3950 ltoeii
601 3898 716 3952 Aristot.
736 3899 911 3966 pseudepigr.
932 3917 958 3967 p.
977 3904 1029 3951 223

378 3990 591 3999 -οη--ωκ-,.

452 4054 464 4098 1
487 4049 575 4101 utitur
598 4047 635 4099 P‘
726 4047 868 4101 oluerunt
891 4064 940 4101 om.
964 4048 992 4101 P
1081 4055 1113 4101 10
1132 4064 1246 4103 *rauco
1270 4067 1340 4115 quur
1365 4049 1392 4100 P

379 4124 412 4170 1³
432 4117 506 4184 quod
530 4113 565 4169 P'
625 4124 659 4171 20
678 4118 796 4187 phrlccrl
811 4135 879 4173 corr.
900 4121 929 4172 ie
948 4117 1062 4187 phrlrcrl
1079 4119 1105 4172 P
1167 4124 1201 4172 28
1221 4119 1339 4186 coagula
1359 4124 1389 4172 at

377 4189 435 4245 aad.
458 4185 494 4240 P'
569 4193 601 4242 32
622 4188 825 4256 congelesecret
842 4189 870 4242 P
