3442 5190
720 779 812 836 11124
837 779 889 836 1111
909 786 996 836 1-10
1299 783 1365 848 419

352 937 488 1005 ritorum
517 939 556 1005 de
583 939 644 1005 bac
667 939 859 1025 quaestione
882 941 1110 1027 consuluisset,
1139 943 1216 1028 quia
1238 942 1366 1028 plebeia

352 1028 482 1114 ingenia
510 1028 613 1114 magis
641 1028 797 1115 exemplis
827 1050 924 1113 quam
947 1029 1074 1095 ratione
1098 1031 1283 1116 capiuntur,
1310 1031 1366 1097 ad-

354 1116 516 1182 monuisse
536 1116 628 1182 illum
647 1120 820 1183 contentus
839 1116 942 1182 forem
960 1118 1178 1184 institutionis
1196 1120 1365 1205 pecudum,

354 1205 470 1290 quibus
502 1226 575 1271 cum
607 1204 744 1291 simplex
777 1210 810 1271 et
842 1206 1013 1272 uniformia
1046 1207 1136 1273 cibus
1170 1208 1226 1292 sit,
1258 1209 1364 1275 multo

327 1293 497 1360 asaniorea
521 1297 598 1360 aunt
619 1294 809 1378 corporibus
832 1293 993 1379 humanis,
1016 1298 1050 1361 et
1071 1297 1157 1361 inter
1181 1296 1268 1382 ipsas
1287 1296 1365 1363 illae

351 1382 473 1449 morbis
496 1382 706 1468 implicantur
729 1384 858 1469 quibus,
881 1387 917 1449 ut
940 1385 1048 1450 altiles
1071 1386 1161 1468 fiant,
1186 1386 1268 1451 offae
1289 1408 1363 1453 oon·

351 1472 475 1564 pqsitae
508 1475 542 1538 et
573 1473 766 1558 quibusdam
796 1473 1009 1540 condimentis
1037 1474 1147 1539 uariae
1175 1475 1363 1542 farciuntur.

351 1582 410 1627 nec
447 1561 611 1628 dubitaret
647 1562 798 1647 posthac,
835 1585 908 1628 cum
941 1563 1136 1629 aduertisaet
1168 1563 1395 1631 animalibosb

353 1650 491 1735 simplici
506 1650 579 1717 cibo
594 1651 760 1717 utentibus
776 1651 969 1717 familiarem
981 1651 1164 1734 sanitatem,
1178 1674 1364 1739 aegrescere

315 1763 340 1804 ro
355 1743 462 1805 autem
490 1744 523 1805 et
546 1741 632 1806 inter
654 1741 712 1806 illa
736 1763 818 1826 quae
841 1741 988 1826 saginam
1012 1743 1183 1826 conposita
1205 1743 1364 1810 uarietate

353 1831 530 1915 patiuntur,
552 1829 629 1913 quia
652 1832 783 1896 constat
805 1829 836 1893 id
861 1850 962 1915 genua
984 1830 1157 1896 alimoniae
1175 1853 1240 1896 non
1260 1833 1365 1918 magis

353 1919 446 2001 copia
473 1940 570 2002 quam
599 1919 758 1983 uarietate
785 1917 979 1983 crudescere.
1025 1918 1163 1984 fortasse
1191 1918 1284 1984 illum
1312 1919 1396 1986 acl-6

354 2005 525 2070 lentiorem
563 2005 709 2090 exemplo
746 2006 852 2070 altero
885 2005 1047 2088 fecissem,
1084 2009 1121 2070 ut
1148 2006 1367 2073 consideraret

354 2093 479 2157 nullum
507 2115 660 2176 umquam
684 2093 785 2157 fuisse
808 2093 1005 2158 medicorum
1029 2093 1114 2157 circa
1138 2115 1230 2158 curas
1255 2114 1363 2179 aegre·

316 2201 339 2240 u
354 2180 511 2244 scentiam
531 2184 599 2243 tam
619 2179 748 2244 audacie
767 2181 1001 2264 neglegentiae,
1020 2184 1058 2244 ut
1072 2180 1224 2245 febrienti
1238 2181 1365 2246 uarium

354 2272 387 2331 et
413 2289 478 2331 non
506 2267 686 2349 simplicem
715 2266 821 2331 cibum
848 2266 947 2332 daret.
994 2268 1073 2333 odeo
1098 2273 1239 2351 constat,
1267 2291 1364 2355 quam

354 2355 459 2421 facilis
483 2355 612 2440 digestu
635 2355 679 2420 sit
702 2354 871 2421 uniformis
895 2356 1065 2439 alimonio,
1090 2360 1127 2421 ut
1151 2358 1193 2441 ei,
1217 2359 1267 2422 uel
1293 2380 1364 2423 oum

354 2446 481 2510 infirma
513 2449 563 2510 est
593 2449 723 2528 natura,
755 2445 904 2511 sufficiat.
955 2468 1013 2511 noc
1046 2447 1179 2512 tertium
1210 2447 1394 2514 defuisset?

354 2535 551 2621 exemplum,
581 2534 628 2600 ita
656 2557 725 2600 ease
753 2535 920 2601 uitandam
944 2537 1089 2602 ciborum
1113 2537 1306 2604 uarietatem
1329 2540 1367 2603 nt

313 2647 339 2688 ro
353 2626 445 2690 nuria
468 2625 574 2691 solent
596 2624 673 2689 uiua
694 2623 800 2690 uitari.
837 2626 909 2712 quis
930 2626 1016 2692 enim
1036 2626 1192 2713 ambigat,
1216 2650 1289 2693 eum
1309 2627 1365 2714 qui

352 2714 480 2781 diuerso
508 2714 583 2780 uino
612 2715 728 2797 utitur,
755 2715 790 2779 in
817 2716 1020 2800 repentinam
1051 2739 1143 2782 ruere
1174 2716 1365 2783 ebrietatem

352 2805 490 2871 necdum
522 2804 583 2870 hoc
611 2808 707 2888 potus
735 2805 830 2889 copia
857 2806 1067 2888 postulante?
1119 2810 1225 2871 tecum
1254 2807 1394 2873 autem8

352 2893 458 2971 Vetti,
494 2894 544 2958 oui
584 2893 644 2958 soli
678 2892 908 2978 perfectionem
943 2894 1089 2959 omnium
1122 2894 1365 2981 disciplinarum

352 2982 491 3068 contigit
523 2983 682 3067 optinere,
719 3004 786 3047 uon
819 2987 887 3047 taur
921 2984 1076 3069 exemplis
1109 3006 1205 3069 quom
1238 2983 1365 3050 ratione

312 3100 338 3142 ra
352 3069 557 3137 tractandum
580 3076 639 3155 est,
662 3094 744 3158 quae
768 3075 801 3138 et
823 3095 874 3138 me
899 3075 1026 3138 tacente
1051 3075 1135 3138 clam
1158 3077 1190 3137 te
1209 3095 1365 3140 essenon

374 3161 481 3227 oterit.

351 3184 372 3247 p
441 3247 625 3315 Cruditatea
653 3251 808 3315 eueniunt
835 3253 892 3315 aut
920 3250 1076 3335 qualitate
1101 3250 1183 3329 suci,
1211 3251 1246 3315 in
1270 3253 1395 3337 queml)

352 3337 442 3402 cibus
470 3338 622 3418 uertitur,
650 3337 678 3402 si
705 3359 771 3402 non
799 3338 843 3401 sit
870 3341 967 3421 aptus
995 3338 1138 3420 humori,
1166 3339 1221 3422 qui
1250 3359 1366 3422 corpus

352 3425 506 3508 optinuit,
534 3427 592 3488 aut
618 3424 721 3507 ipsius
750 3424 813 3490 cibi
843 3424 1063 3509 multitudine,
1090 3447 1157 3491 non
1185 3424 1366 3490 sufficiente

313 3518 469 3583 uuatura
497 3512 538 3577 ad
566 3511 690 3596 omnia,
717 3535 798 3597 quae
826 3509 983 3599 congesta
1011 3517 1099 3595 sunt,
1129 3513 1365 3598 concoquenda

353 3624 390 3667 ac
417 3601 558 3686 primum
587 3599 625 3665 de
654 3602 723 3666 suoi
750 3601 908 3685 qualitate
936 3600 1112 3666 uideamus.
1158 3603 1213 3687 qui
1241 3602 1364 3686 simpli·
1378 3606 1418 3671 10

353 3712 421 3754 cem
454 3690 563 3755 cibum
597 3690 712 3772 sumit,
744 3689 837 3755 facile
870 3711 934 3774 quo
968 3712 1044 3755 suco
1072 3711 1188 3774 corpus
1219 3690 1285 3754 eius
1314 3691 1364 3755 uel

354 3781 508 3864 manetur
527 3776 578 3842 uel
597 3775 736 3859 iuuetur,
755 3799 814 3842 usu
834 3777 969 3843 docente
988 3779 1164 3863 cognoscit.
1200 3799 1259 3842 nec
1278 3776 1364 3842 eninr

354 3920 413 3927 κ..-
417 3921 429 3926 -
440 3920 531 3927 --.-.-.--
540 3919 564 3925 »η

423 4003 660 4060 tadmonurss'em
679 4004 707 4058 P
758 4003 853 4058 afore
871 4004 899 4058 P
952 4008 1063 4058 tuane
1083 4005 1111 4058 P
1163 4007 1195 4057 14
1213 4002 1308 4058 fecrll'e
1326 3999 1364 4059 P'

354 4081 388 4130 20
415 4076 501 4130 uiturr
529 4077 633 4131 Ionius
661 4091 694 4130 ea
720 4091 806 4144 marg.
835 4076 891 4130 cod.
920 4075 1069 4130 Berueuais
1092 4078 1159 4131 514:
1186 4077 1290 4130 mutan
1313 4074 1365 4144 (P)

354 4151 388 4201 28
407 4146 444 4202 lrc
462 4151 493 4202 ut
511 4147 569 4201 uid.
589 4142 626 4200 P'
681 4150 714 4199 31
736 4145 802 4215 quid
821 4151 852 4200 ut
871 4146 928 4200 uid.
948 4144 985 4199 P‘

1097 4231 1152 4287 27*
