3322 5190
743 824 783 880 vl
801 830 908 882 οι-οο
1267 823 1333 891 507

318 1008 447 1053 omnem
471 985 592 1052 zodiaci
615 989 649 1051 et
672 985 920 1072 longitudinem
933 987 967 1050 ct
987 984 1192 1052 latitudinem
1212 985 1332 1053 circum

318 1096 439 1160 perque
456 1074 631 1140 'discurrit
682 1073 845 1140 similibus
878 1095 1006 1160 quoque
1034 1073 1332 1158 dispensationibus
1343 1075 1388 1142 54

318 1163 555 1228 hebdomadum
570 1162 702 1227 luminis
717 1163 768 1228 sui
782 1162 868 1228 uices
881 1162 1083 1247 sempiterna
1094 1162 1166 1249 lege
1176 1163 1332 1229 uariaudo

320 1250 471 1337 disponit.
517 1251 630 1335 primis
659 1252 745 1316 enim
773 1253 896 1335 septem
924 1272 1027 1335 usque
1054 1251 1094 1315 ad
1125 1251 1332 1316 medietatem

291 1341 409 1405 suelut
432 1340 527 1405 diuisi
550 1339 638 1405 orbis
657 1340 822 1422 exerescit,
845 1342 879 1404 et
897 1340 1071 1425 διχότομος
1091 1342 1168 1404 tunc
1186 1341 1333 1423 uocatur,

319 1428 465 1495 secundis
502 1427 613 1494 orbem
646 1431 752 1495 totum
785 1437 989 1493 renascentes
1023 1429 1115 1514 ignes
1149 1426 1331 1513 colligendo

319 1517 385 1582 ism
412 1517 555 1603 complet
583 1521 617 1582 et
643 1516 739 1601 plens
767 1519 846 1583 tuuc
869 1516 1000 1602 dicitur,
1027 1517 1132 1582 tertiis
1158 1517 1333 1601 διχότομος
1383 1551 1386 1557 -

318 1627 428 1670 rursus
453 1606 606 1691 eflicitur,
628 1627 699 1670 cum
725 1605 765 1670 ad
789 1604 995 1671 medietatam
1019 1605 1233 1670 decrescendo
1256 1626 1332 1670 cou-

318 1693 470 1776 trahitur,
489 1695 614 1779 quartis
632 1694 749 1758 ultima
768 1693 900 1758 luminis
920 1694 970 1757 sui
989 1693 1203 1758 diminutione
1220 1695 1333 1756 tenua·

279 1803 305 1843 ιο
319 1785 381 1847 tur.
435 1786 559 1867 septem
597 1803 724 1868 quoque
754 1781 1063 1867 permutationibus,
1101 1803 1182 1866 quas
1215 1779 1332 1864 φάσεις
1342 1781 1386 1847 55

318 1874 450 1952 uocant,
479 1875 549 1937 toto
578 1892 689 1936 mense
718 1871 942 1952 distinguitur:
970 1891 1043 1934 eum
1071 1870 1231 1950 nascitur,
1259 1890 1332 1935 cum

319 1959 357 2023 lit
384 1959 571 2044 διχότομος,
601 1962 635 2024 ct
660 1982 732 2024 cum
756 1960 794 2023 lit
817 1957 1037 2042 ἀμφίκυρτος,
1065 1979 1138 2022 cum
1162 1957 1273 2041 plena,
1301 1959 1336 2021 et

319 2068 429 2112 rursus
457 2047 677 2131 ἀμφίκυρτος,
711 2069 748 2112 ac
776 2047 880 2112 tleuuo
909 2047 1097 2131 διχότομος,
1130 2048 1164 2110 et
1191 2066 1264 2110 oum
1292 2043 1333 2108 ad

319 2156 378 2201 uos
415 2136 546 2200 luminis
583 2136 797 2200 uniuersitate
831 2135 989 2219 priuatus.
1045 2131 1252 2216 ἀμφίκυρτος
1283 2135 1334 2197 est
1343 2132 1387 2200 56

280 2226 442 2305 sautem,
479 2245 551 2287 cum
591 2245 688 2306 supra
721 2222 915 2286 diametrum
948 2219 1126 2286 dichotomi
1157 2223 1333 2303 antequam

320 2310 407 2375 orbis
436 2311 642 2376 conclusione
665 2309 828 2395 cingetur,
857 2308 907 2373 ucl
932 2306 972 2371 de
995 2306 1073 2373 orbe
1096 2307 1160 2371 iam
1184 2307 1334 2371 minuens

319 2398 405 2464 inter
442 2399 647 2464 medietatem
684 2421 722 2464 se
759 2396 992 2482 plenitudinem
1030 2396 1162 2480 iusuper
1194 2395 1332 2462 mediam

320 2487 450 2553 luminis
475 2493 590 2553 curuat
612 2487 830 2551 eminentiam.
876 2486 925 2550 sol
950 2505 1077 2570 quoque
1100 2486 1179 2569 ipsa,
1205 2483 1244 2549 da
1268 2486 1384 2570 quobl

321 2577 421 2642 uitam
455 2577 565 2641 omnia
597 2578 800 2657 mutuantur,
837 2575 977 2658 scptimo
1009 2574 1104 2660 signo
1137 2574 1224 2639 uices
1257 2595 1333 2639 suas

282 2688 309 2727 so
322 2666 437 2730 uariat.
473 2687 549 2729 nam
569 2687 588 2728 a
607 2664 748 2730 solstitio
766 2663 898 2728 hiemali
919 2663 959 2727 ad
979 2663 1138 2727 aestiuum
1156 2662 1333 2728 solstitium

321 2753 460 2838 septimo
490 2753 637 2835 peruenit
666 2753 759 2838 siguo
788 2755 821 2815 et
847 2773 867 2814 a
890 2751 1016 2835 tropico
1042 2771 1142 2816 uerno
1165 2772 1267 2836 usquc
1291 2750 1330 2816 ad

321 2840 509 2906 autumnale
540 2840 700 2924 tropicum
733 2839 864 2922 septimi
893 2839 978 2923 sigui
1006 2838 1234 2923 peragratione
1263 2860 1332 2922 per·

321 2927 457 2992 ducitur.
499 2931 565 2992 tres
590 2947 715 3011 quoque
738 2926 965 2992 conuersioues
990 2924 1071 2991 lucis
1094 2925 1256 2991 aetheriae
1274 2948 1332 3010 per
1342 2928 1385 2994 58

319 3014 406 3079 hunc
433 3036 603 3079 numerum
632 3017 793 3080 coustant.
838 3018 890 3080 est
917 3016 1024 3079 autem
1053 3013 1159 3098 prima
1182 3013 1333 3097 maxims,

281 3103 461 3169 sesecundo
489 3103 608 3186 media,
639 3102 777 3168 minima
808 3106 858 3168 est
889 3103 993 3168 tertia
1044 3106 1078 3168 et
1109 3102 1252 3168 maxima
1283 3106 1335 3168 cst

321 3193 397 3258 anui
415 3191 590 3257 secundum
611 3193 723 3276 solem,
746 3193 853 3257 media
876 3194 996 3258 mensis
1016 3190 1192 3258 secuudum
1213 3192 1333 3276 lunam,

321 3281 456 3347 minima
485 3281 547 3345 diei
571 3281 746 3347 secuudum
775 3285 882 3346 ortum
911 3284 944 3347 et
971 3303 1129 3347 occasum.
1176 3283 1228 3346 est
1254 3282 1386 3350 uer059

319 3401 384 3409 -οη
391 3399 532 3407 *ι’-

394 3460 407 3509 1
428 3454 456 3510 lo
475 3456 590 3511 deletum
609 3460 672 3510 onte
691 3455 798 3510 zodiau
816 3457 848 3510 s'n
865 3456 894 3510 Β
943 3460 960 3509 2
979 3455 1122 3510 Bentleiaa
1139 3456 1226 3525 (Mus.
1246 3456 1334 3512 theu

320 3532 405 3594 1881,
419 3528 488 3595 325)
504 3527 601 3581 Ιουίοί
618 3527 734 3596 Vespslis'
747 3526 844 3597 Georp.
860 3526 882 3580 I
893 3528 952 3582 246
998 3525 1187 3581 aebdomedn
1201 3527 1235 3594 Ρ,
1250 3527 1335 3599 epdo-

320 3597 406 3651 mudu
425 3598 453 3650 B
507 3598 664 3666 temptatus
678 3593 713 3650 B‘
770 3602 785 3649 t
803 3595 972 3652 dichotouol
981 3612 1051 3652 eoin.
1065 3597 1097 3651 in
1111 3596 1290 3653 dichotomol
1298 3599 1336 3668 Β,

322 3668 500 3723 ‹hohotomol
511 3669 549 3722 P.-
566 3669 648 3722 lsuoc
661 3668 766 3737 fipurm
779 3668 902 3792 stargina*
915 3668 1018 3723 codicis
1031 3668 1060 3722 P
1070 3668 1196 3738 ἀοίκοομο
1209 3687 1228 3724 ο
1268 3670 1336 3725 ictos

322 3739 402 3794 ουτίοτ·
456 3739 676 3806 clientulum.
692 3739 721 3805 l.)
741 3739 819 3808 γους.
861 3754 906 3794 eor
925 3739 1151 3794 .14271oudot
1203 3745 1220 3793 8
1259 3737 1334 3794 seho-

322 3809 414 3864 tomol
430 3810 457 3864 Β
521 3815 536 3863 9
556 3808 827 3864 in1s1mnnnutioue
848 3809 882 3877 Ρ,
902 3754 943 3863 ius
961 3808 1177 3864 dimmumtioue
1196 3805 1232 3864 Β’
1302 3815 1336 3865 10

323 3879 389 3935 ianr
404 3880 457 3935 ΡΒ
531 3885 563 3934 12
583 3879 761 3937 dichotomol
774 3885 809 3935 cu
828 3877 863 3935 ht
881 3880 938 3936 BP
1009 3881 1051 3937 bis
1069 3879 1288 3950 supputator
1301 3880 1335 3948 Ρ,

323 3969 579 4037 Auspicium(
611 3967 715 4035 (deletis
746 3984 815 4038 quac
843 3969 938 4038 priori
966 3968 1135 4038 praecedunt
1162 3968 1278 4037 umuli)
1307 3969 1336 4025 Β

324 4044 357 4094 13
377 4037 553 4094 dichotomoi
569 4039 623 4093 PB
713 4037 736 4091 ίτ
755 4043 790 4092 clu
808 4039 900 4092 annul
914 4038 950 4093 B'
1043 4044 1076 4093 1⁴
1095 4039 1287 4110 amphicyrtos
1301 4039 1335 4107 P,

324 4110 508 4178 limphihrtos
524 4111 552 4163 Β
625 4106 840 4163 1euelom.1’
906 4114 939 4161 20
958 4107 1062 4162 hemah
1081 4106 1116 4163 Β·
1187 4109 1334 4165 solstitium

323 4195 374 4234 om.
394 4180 421 4231 P
472 4184 505 4231 22
525 4179 595 4248 ligni
614 4194 664 4234 om.
686 4177 714 4231 P
766 4182 799 4231 25
819 4177 913 4232 media
930 4194 980 4233 ουτ.
1000 4177 1035 4231 Ρ’
