3442 5190
731 826 796 880 Xlll
815 831 904 879 t—ls
1286 823 1328 888 6Ί

316 986 424 1051 decem
447 987 481 1051 et
507 990 633 1071 septem
656 985 724 1050 dies
748 987 782 1050 in
807 984 945 1069 singulis
969 1006 1070 1068 usque
1094 982 1135 1048 ad
1159 986 1330 1067 sequentes

316 1075 476 1140 Kalendas
501 1075 715 1160 putabantur,
743 1074 800 1138 sed
824 1074 914 1139 solus
937 1072 1132 1138 Februarius
1156 1071 1274 1156 uiginti
1298 1084 1332 1136 et

316 1167 387 1229 octo
415 1164 551 1228 retinuit
578 1164 660 1248 dies,
688 1163 782 1248 quasi
810 1162 923 1227 inferis
951 1166 985 1226 et
1012 1161 1191 1227 deminutio
1216 1163 1249 1225 et
1272 1183 1331 1246 par

316 1273 467 1316 numerus
490 1253 684 1316 conueniret
721 1274 794 1316 cum
818 1271 896 1335 ergo
915 1249 1054 1315 Romani
1078 1271 1117 1314 ex
1140 1250 1202 1314 hac
1223 1248 1362 1316 distri-8

292 1340 448 1406 ebutione
467 1339 619 1424 Pompilii
643 1340 684 1404 ad
707 1339 803 1404 lunae
822 1361 952 1404 cursum
971 1339 1056 1405 sicut
1073 1338 1190 1403 Graeci
1209 1359 1330 1402 annum

316 1427 482 1514 proprium
496 1431 730 1514 computarent,
748 1428 931 1494 necessario
951 1432 986 1492 et
1002 1427 1227 1493 intercalarem
1241 1448 1330 1491 men-

315 1539 383 1583 sem
415 1517 626 1583 instituerunt
658 1540 748 1583 more
780 1516 988 1582 Graecorum.
1040 1538 1116 1580 nam
1149 1520 1183 1580 et
1214 1514 1360 1582 Graecis)

316 1628 387 1672 cum
407 1608 706 1672 animaduerterent
724 1609 845 1670 temere
864 1627 898 1669 se
918 1606 1073 1670 trecentis
1093 1604 1331 1690 quinquaginta

316 1699 469 1781 quattuor
488 1695 600 1760 diebus
616 1694 782 1760 ordinasse
797 1716 917 1759 annum
934 1731 973 1741 -
990 1694 1143 1778 quonism
1158 1698 1331 1777 appareret

284 1784 354 1850 ode
377 1785 455 1850 solis
479 1806 586 1868 cursu,
609 1784 663 1869 qui
687 1784 841 1850 trecentis
865 1784 1036 1869 sexaginta
1056 1783 1198 1867 quinque
1217 1782 1331 1848 diebus

316 1877 349 1939 et
371 1873 549 1960 quadrante
572 1873 737 1939 zodiacum
757 1873 896 1957 conficit,
919 1873 1029 1939 deesse
1049 1894 1134 1938 anno
1153 1894 1212 1939 suo
1231 1872 1331 1937 unde-

316 1963 377 2028 cim
401 1963 470 2027 dies
498 1965 531 2028 et
554 1962 768 2048 quadrantem
792 1999 834 2010 ·—-
858 1963 1068 2027 intercalares
1093 1964 1180 2026 stata
1203 1962 1330 2026 ratione

316 2050 489 2117 commenti
512 2055 597 2135 sunt,
621 2051 668 2115 ita
690 2053 728 2115 ut
750 2055 865 2116 octauo
889 2072 1017 2136 quoque
1040 2072 1126 2114 anno
1150 2050 1331 2133 nonaginta

315 2138 396 2223 dies,
424 2161 463 2204 ex
486 2138 604 2223 quibus
627 2142 694 2203 tres
717 2160 844 2204 menses
867 2140 1029 2204 tricenum
1054 2138 1178 2203 dierum
1202 2160 1330 2223 compo

283 2253 304 2293 n
317 2231 459 2310 suerunt,
471 2227 709 2291 intercalarent.
742 2226 775 2290 id
790 2225 905 2291 Graeci
920 2226 1075 2310 lecerunt,
1090 2226 1243 2311 quoniam
1259 2230 1383 2294 eraclo

316 2336 487 2400 operosum
511 2317 606 2399 atque
630 2314 771 2393 difficile,
798 2314 948 2379 omnibus
972 2315 1066 2379 annis
1089 2314 1237 2379 undecim
1261 2313 1329 2379 dies

316 2407 349 2468 et
381 2402 593 2489 quadrantem
627 2403 829 2468 intercalare.
883 2402 992 2488 itaque
1025 2403 1209 2468 maluerunt
1243 2401 1329 2468 hunc

316 2515 483 2558 numerum
512 2494 612 2558 octies
640 2493 870 2578 multiplicare,
898 2494 932 2557 et
958 2493 1136 2579 nonaginta
1165 2493 1247 2578 dics,
1273 2493 1330 2578 qni

316 2585 507 2666 nascuntur,
538 2583 567 2649 si
600 2582 762 2667 quadrans
795 2604 867 2647 cum
900 2582 1013 2647 diebus
1047 2582 1196 2647 undecim
1229 2583 1329 2648 octies

281 2698 305 2738 ro
317 2677 536 2756 componatur,
555 2671 697 2735 inserere
716 2671 750 2734 in
764 2674 831 2734 tres
846 2692 984 2755 menses,
1002 2675 1040 2734 ut
1054 2670 1202 2754 diximus,
1221 2670 1328 2735 distri·

317 2759 469 2824 buendos.
510 2759 570 2823 hos
594 2758 664 2822 dies
686 2758 959 2842 ὑπερβαίνοντας,
983 2779 1109 2822 menses
1133 2780 1210 2823 uero
1234 2753 1329 2841 ἐμβο·

317 2849 432 2930 λίμους
464 2846 712 2930 appellitabant.
764 2846 850 2910 hune
883 2867 961 2929 ergo
995 2845 1140 2910 ordinem
1171 2845 1328 2911 ltomanis
1342 2850 1380 2914 ll

316 2955 442 3019 quoque
470 2933 592 2999 imitari
619 2934 757 3020 placuit,
785 2933 842 2998 sed
864 2934 999 3017 frustra,
1023 2935 1142 3019 quippe
1165 2934 1250 3020 fugit
1273 2956 1328 3001 eos

316 3023 399 3087 diem
420 3045 531 3107 unum,
553 3022 638 3087 sicut
655 3045 754 3107 supra
774 3023 1010 3108 admonuimus,
1033 3023 1178 3089 additum
1198 3046 1217 3088 a
1235 3046 1269 3089 se
1288 3025 1328 3089 ad

280 3112 474 3179 cerneum
502 3133 672 3177 numerum
701 3113 735 3177 in
762 3114 919 3178 honorem
947 3114 1081 3196 imparis
1108 3113 1244 3178 numeri.
1292 3136 1329 3178 ea

316 3224 349 3266 re
371 3224 430 3287 per
454 3202 637 3269 octennium
661 3202 834 3267 conuenire
857 3223 1011 3267 numerus
1041 3207 1138 3287 atque
1161 3202 1240 3267 ordo
1264 3225 1328 3268 non

317 3294 452 3376 poterat.
499 3291 554 3355 sed
583 3290 726 3355 nondum
754 3291 816 3355 hoc
844 3312 953 3355 errore
980 3294 1146 3373 comperto
1174 3312 1232 3373 per
1255 3294 1384 3358 oct012

317 3402 417 3445 annos
431 3379 613 3465 nonaginta
626 3379 718 3463 quasi
731 3379 1008 3463 superluntlendos
1019 3379 1216 3444 Graecorum
1228 3402 1330 3445 exem·

318 3468 370 3552 plo
395 3467 630 3553 computabant
648 3467 727 3552 dies,
750 3469 947 3551 alternisque
967 3489 1071 3533 annos
1090 3467 1176 3533 binis
1196 3473 1229 3532 et
1246 3470 1330 3534 uice-

280 3579 388 3635 ccnos,
416 3557 548 3621 alternis
571 3559 683 3621 ternos
706 3557 900 3642 uicenosque
924 3557 1154 3621 intercalantes
1179 3578 1330 3640 expensa-

339 3655 527 3664 ...ο-Μ...

387 3700 401 3748 1
421 3694 518 3749 decsm
532 3693 556 3747 sc
570 3693 683 3764 septem
708 3695 738 3750 t:
761 3695 858 3749 decern
878 3694 1039 3763 septemque
1054 3710 1085 3764 p,
1108 3694 1204 3748 decem
1224 3693 1329 3763 septem

317 3765 376 3819 BP
436 3694 629 3820 ssebroanul
643 3764 705 3818 BP
766 3763 987 3818 edrmmutrot
1047 3763 1284 3819 toenitis-uerunt
1301 3766 1329 3817 B

351 3841 367 3889 8
386 3837 420 3888 csr
438 3835 470 3887 ia
487 3849 542 3890 rus.
562 3835 594 3888 ia
612 3834 640 3887 Β
699 3833 836 3888 tricentos
851 3833 915 3887 sexa
936 3837 1017 3887 uinta
1033 3833 1069 3887 Β’
1126 3840 1157 3887 11
1176 3832 1329 3887 *undecim

318 3903 344 3957 P
410 3911 442 3959 12
461 3903 648 3959 interscalares
664 3904 691 3958 Β
761 3908 794 3958 lt
812 3850 1018 3958 intertalarent
1035 3904 1063 3958 Β
1132 3904 1329 3973 inoperosum

318 3977 377 4029 erat
394 3975 423 4029 P
489 3981 520 4028 17
541 3972 712 4029 rnterkalcre
732 3976 765 4042 P,
784 3975 951 4031 intercalare
969 3971 1004 4029 B‘
1070 3980 1103 4027 21
1122 3976 1328 4029 ΠΕΡΒΛΙΝΟΝ-

317 4047 379 4100 ΤΑ(
397 4045 425 4099 Β
479 4046 700 4101 ΕΜΒΟΛΙ(Μο(
717 4046 746 4099 Ρ
797 4046 1030 4099 connumerem
1048 4045 1077 4097 P
1128 4044 1334 4099 ammonuimus

320 4115 347 4168 Ρ
398 4115 460 4170 ale
478 4116 518 4171 B:
537 4115 592 4171 elle
613 4117 641 4169 P
693 4120 727 4169 25
746 4116 853 4185 lupanl
867 4117 895 4169 B
949 4121 983 4169 28
1003 4113 1132 4183 exemplo
1152 4131 1202 4170 om.
1220 4114 1256 4168 P'
1295 4121 1330 4168 80

319 4187 347 4240 et
364 4185 478 4241 meenos
493 4187 521 4240 P
572 4184 778 4242 mterkalantes
792 4186 821 4240 P

1080 4273 1116 4330 ⁶0
