3322 5190
324 787 390 852 616
552 784 665 841 comi.
684 785 724 840 IN
743 784 852 841 SOMN.
871 784 957 840 SGIP.
976 781 1073 836 LIBRI
1092 783 1104 835 I

325 967 418 1011 sacra
459 944 505 1009 sic
545 944 761 1029 adloquendo:
806 943 1052 1010 Dardanidae
1089 942 1188 1026 duri,
1225 949 1338 1026 aperta

325 1032 568 1097 consulentibus
608 1031 752 1113 Italiam,
789 1032 827 1095 de
865 1053 930 1113 qua
967 1029 1138 1094 Dardanus
1173 1029 1337 1112 profectus

326 1122 425 1200 esset,
457 1119 576 1182 obiecit
605 1117 798 1202 appellando
827 1139 882 1182 eos
911 1116 1056 1201 parentis
1084 1117 1171 1180 illius
1195 1117 1337 1200 nomine,

294 1207 416 1271 9cuius
432 1210 502 1269 erat
515 1207 609 1291 origo
633 1206 752 1270 rectius
772 1205 929 1288 eligenda.
966 1208 1000 1268 et
1018 1205 1070 1268 hic
1084 1204 1336 1356 certaeepuidem

325 1294 578 1360 denuntiationis
602 1298 665 1379 est,
692 1293 777 1378 quod
801 1294 839 1358 de
864 1291 1023 1377 Scipionis
1046 1291 1109 1357 fine
1132 1314 1192 1376 pra
1233 1292 1336 1376 icitur,
1362 1311 1375 1353 a

325 1383 381 1448 aed
412 1383 518 1468 gratia
545 1383 765 1448 conciliandae
789 1382 998 1447 obscuritatis
1026 1382 1148 1447 inserta
1175 1381 1335 1446 dubitatio

325 1471 411 1536 dicto
430 1475 550 1555 tamen,
570 1472 656 1557 quod
675 1471 769 1538 initio
792 1471 910 1536 somnii
930 1471 1123 1553 continetur,
1147 1470 1335 1537 absoluitur.

324 1582 400 1625 nam
424 1583 497 1625 cum
521 1561 640 1626 dicitur
663 1561 829 1626 circuilu
852 1561 1022 1626 naturali
1052 1582 1232 1625 summam
1261 1558 1335 1624 tibi

325 1650 486 1714 fatalem
510 1649 764 1732 confecerint,
793 1651 888 1716 uitari
916 1650 1002 1714 huuc
1030 1650 1127 1714 tirrem
1150 1672 1216 1714 uon
1239 1670 1335 1734 posse

325 1741 523 1824 pronuntiat.
568 1740 654 1823 quod
680 1745 787 1805 autem
807 1738 950 1823 Scipioui
972 1739 1114 1824 reliquos
1138 1739 1224 1804 uitae
1243 1743 1333 1803 actua
1349 1757 1376 1797 ro

326 1827 396 1893 sine
416 1828 538 1892 offensa
562 1828 731 1893 dubitandi
751 1850 807 1911 per
826 1828 971 1893 ordinem
994 1828 1130 1910 rettulit,
1153 1833 1186 1892 et
1208 1827 1246 1891 de
1265 1828 1335 1892 sola

326 1919 429 1981 morte
448 1917 564 1981 similis
584 1918 674 1982 elisus
693 1920 742 1981 cst
761 1916 950 2001 ambigenti,
968 1916 1048 1981 hacc
1065 1916 1149 1981 ratio
1163 1920 1222 2000 est,
1241 1916 1335 2001 quod,

327 2005 396 2070 siue
428 2005 505 2070 dum
533 2005 675 2071 humano
704 2007 755 2071 uel
784 2007 922 2071 maerori
955 2006 1098 2091 parcitur
1130 2007 1181 2070 uel
1215 2005 1334 2087 timori,

326 2115 383 2158 seu
406 2093 482 2179 quia
500 2095 580 2158 utile
603 2100 653 2159 est
676 2096 738 2159 hoc
761 2095 899 2159 marimo
923 2096 1036 2179 latere,
1066 2095 1199 2178 pronius
1226 2098 1335 2158 cetera

326 2183 466 2248 oraculis
486 2206 583 2269 quam
606 2185 693 2248 ultae
717 2184 790 2248 finis
814 2183 1014 2269 exprimitur,
1038 2187 1095 2248 aut
1112 2206 1184 2249 curu
1204 2183 1331 2266 dieitur,
1346 2202 1373 2245 ra

324 2293 391 2335 non
414 2273 485 2336 siue
509 2272 616 2355 aliqua
640 2272 839 2337 obscuritate
862 2271 1032 2354 profertur.

271 2391 352 2458 VIII
411 2391 471 2458 His
501 2394 609 2477 aliqua
643 2415 681 2457 ex
715 2398 807 2477 parte
839 2394 989 2458 tractatis
1017 2393 1262 2479 progrediamur
1293 2393 1333 2456 ad

324 2481 458 2564 reliqua.
505 2482 569 2545 sed
597 2504 669 2565 quo
698 2483 750 2546 sis
784 2480 966 2546 Africana
999 2482 1167 2546 alacrior
1197 2480 1242 2545 ad
1274 2483 1333 2545 tu·

325 2569 480 2634 tandem
508 2590 584 2633 rem
612 2569 824 2652 publicam,
856 2571 913 2635 sic
944 2570 1095 2635 habeto.
1141 2568 1334 2654 omuibus,

326 2659 389 2742 qui
410 2659 576 2743 patriam
600 2658 874 2723 conseruerint
893 2658 1117 2723 adiuuarint
1139 2659 1374 2740 auxerint,so

325 2750 471 2809 certum
509 2769 593 2810 esse
627 2747 663 2810 in
704 2748 809 2810 caelu
848 2747 1057 2810 definitum
1095 2748 1231 2829 locum,
1269 2746 1332 2810 ubi

325 2835 430 2897 beati
480 2856 573 2897 aeuo
614 2837 851 2918 sempiterno
894 2836 1080 2899 fruantur
1136 2835 1232 2899 nihil
1275 2842 1334 2898 est

326 2923 422 2984 euim
457 2923 517 2985 illi
554 2923 724 3006 priucipi
763 2924 844 3001 (leo,
878 2926 941 3007 qui
980 2946 1120 2987 omnem
1157 2923 1332 2986 mundum

325 3011 438 3092 regit,
473 3011 571 3092 quod
604 3013 754 3093 quidem
793 3013 829 3075 iu
862 3013 977 3075 terris
1011 3014 1100 3093 fiat,
1137 3013 1332 3093 acceptius

325 3119 434 3179 quam
455 3098 619 3160 concilia
639 3104 849 3182 coctusque
868 3101 1060 3163 bominum
1081 3102 1162 3162 iure
1182 3100 1332 3180 sociati,
1347 3119 1374 3158 as

326 3207 419 3268 (puae
444 3187 628 3250 ciuitates
653 3189 910 3270 appellantur.
953 3211 1080 3252 carum
1100 3193 1269 3251 rectores
1295 3193 1332 3250 et

294 3274 544 3338 2seruatores
567 3273 655 3337 hinc
680 3275 847 3358 profecti
866 3276 938 3339 huc
958 3283 1213 3339 reuertuntur.
1252 3277 1332 3339 bene

324 3367 356 3425 et
398 3369 591 3448 opportune,
628 3369 797 3448 postquam
835 3364 872 3428 dc
910 3370 1013 3429 morte
1048 3365 1220 3450 pracdiuit,
1259 3388 1332 3429 mox

323 3455 469 3536 praemia
493 3454 585 3517 bonis
609 3461 685 3537 post
708 3456 832 3518 obitum
857 3456 1018 3537 speranda
1042 3456 1192 3520 subiecit:
1216 3456 1331 3539 quibus

324 3570 507 3577 m-——m--
520 3572 534 3576 .-

395 3634 408 3681 1
430 3630 496 3684 Aen.
518 3629 555 3682 III
575 3634 608 3683 m

399 3792 464 3844 lad
481 3791 620 3859 loquenda
636 3792 669 3860 P,
685 3792 894 3860 alloquendoll
949 3794 1055 3847 clun
1111 3793 1333 3848 remoturus-P

322 3869 421 3916 8uam
456 3862 509 3915 lna
528 3864 555 3916 Β
628 3862 758 3918 naturulri
779 3865 806 3916 P
875 3868 1063 3919 ssccrrfccerrt
1083 3866 1109 3919 Ρ
1181 3872 1212 3919 10
1232 3884 1278 3933 qur
1298 3869 1330 3921 <ai

320 3934 404 3999 lullus·
535 3940 565 3987 11
587 3934 693 3989 ostensa
713 3936 740 3988 B
812 3935 909 3989 retulit
927 3938 954 3990 Β
1026 3944 1057 3990 12
1077 3938 1183 4020 lipratro
1204 3938 1231 3990 P
1298 3944 1329 3989 13

322 4006 655 4073 mer0r1P,mernor1B
726 4013 757 4059 19
777 4005 878 4061 habete
898 4008 926 4060 P
989 4014 1023 4060 24
1043 4008 1076 4060 us
1092 4026 1122 4062 m
1141 4007 1329 4077 uceoptrul'r'n

321 4090 375 4128 rus.
394 4077 426 4131 in
445 4076 472 4128 Β
540 4082 574 4130 26
593 4076 701 4149 cetusq3
721 4078 747 4128 Β
816 4082 850 4131 28
870 4077 1058 4145 praediximus
1073 4079 1099 4130 Β
1167 4084 1200 4131 29
1219 4078 1285 4132 bom
1304 4077 1332 4130 P

321 4143 423 4210 qurbul
437 4161 486 4200 om.
502 4143 535 4198 Ρ
