3442 5190
535 803 588 858 VII
606 807 696 858 a-14
1061 802 1128 869 395

114 969 231 1031 natura
257 963 348 1029 uerbi
378 962 535 1049 deperire,
563 984 646 1048 quae
670 985 689 1027 a
712 962 890 1048 ueteribus,
918 962 972 1048 qui
996 962 1127 1048 proprie

112 1058 209 1140 atque
226 1053 354 1138 signata
373 1051 473 1118 locuti
493 1054 578 1137 sunt,
598 1053 647 1117 ita
665 1054 704 1116 ut
720 1050 836 1135 decuit,
856 1054 1050 1117 conseruata
1068 1054 1126 1117 eat.

111 1141 154 1209 M.
191 1141 345 1209 (laroma
386 1142 486 1207 uerba
527 1143 604 1205 suut
645 1163 683 1204 ex
721 1157 900 1207 onarronn
943 1163 1041 1226 quam
1078 1159 1126 1206 ml
1140 1146 1181 1209 10

110 1232 268 1298 Aclrsrtrs
283 1231 416 1316 scripsit
430 1229 796 1314 cumqueHannibal
812 1234 954 1296 terram
966 1228 982 1293 I
989 1230 1126 1296 taliam

85 1323 303 1388 alacsraret
336 1324 450 1405 atque
477 1323 647 1385 nexaret.
693 1342 831 1385 nexare
859 1318 1017 1385 Italiam
1046 1318 1127 1385 dixit

114 1409 194 1478 (lato
230 1410 464 1495 Hannibalem,
501 1409 630 1495 quando
668 1410 795 1475 nullum
832 1409 1033 1475 calamitatis
1070 1413 1128 1474 eut

113 1501 268 1568 saeuitiae
292 1504 350 1567 aut
372 1499 587 1565 immanitatis
612 1520 714 1586 genus
732 1499 890 1585 repperiri
908 1501 1019 1586 queat,
1040 1498 1125 1585 quod

113 1589 146 1655 in
178 1612 216 1656 co
248 1594 397 1675 tempore
425 1588 522 1653 Italia
549 1610 614 1654 non
642 1610 796 1674 perpessa
824 1588 876 1654 sit
926 1587 971 1653 M.
999 1587 1177 1656 Tulliusll

113 1683 228 1766 quarto
256 1680 289 1745 in
316 1679 452 1745 Verrem
481 1700 576 1764 qnae
605 1678 651 1744 ab
679 1678 757 1744 isto
787 1677 841 1743 sic
869 1677 1044 1764 spoliata
1072 1680 1126 1742 at·-

74 1790 185 1855 mqua
212 1770 368 1855 direpta
396 1772 467 1853 ost,
499 1790 573 1834 non
601 1773 643 1834 ut
671 1769 717 1833 ab
745 1767 857 1834 hoste
886 1767 1032 1854 aliquo,
1062 1767 1125 1853 qui

113 1864 242 1926 tamen
278 1861 315 1925 in
349 1860 456 1925 bello
489 1858 722 1945 religionem
756 1860 794 1924 et
826 1856 1126 1926 consuetudinis

112 1949 195 2015 iura
232 1950 439 2032 retineret,
476 1947 542 2012 sed
578 1951 621 2013 ut
657 1971 676 2012 a
708 1948 887 2013 barbaris
920 1946 1126 2032 praedoni·

113 2039 183 2103 bus
209 2040 350 2102 uexata
377 2059 460 2102 esse
488 2037 674 2100 uideatur.
721 2037 760 2101 de
786 2036 992 2101 inlaudato
1017 2040 1180 2102 autem12

114 2126 176 2191 duo
199 2125 349 2191 uidentur
373 2124 560 2208 responderi
584 2146 689 2207 posse.
730 2146 831 2187 unum
856 2128 907 2187 est
930 2124 999 2188 eius
1023 2123 1127 2187 modi:

74 2233 100 2275 ra
114 2234 208 2279 nemo
237 2214 405 2297 quisquam
435 2217 503 2275 tam
530 2212 659 2274 efflictis
684 2216 735 2275 est
757 2211 902 2275 moribus
926 2212 1005 2295 quin
1027 2211 1127 2275 faciat

113 2303 170 2365 aut
197 2298 285 2365 dicat
309 2322 374 2364 nou
397 2320 573 2381 numquam
599 2298 735 2382 aliquid,
763 2298 848 2381 quod
870 2297 996 2362 laudari
1020 2302 1126 2382 queat.

113 2386 197 2453 unde
234 2388 287 2453 hic
320 2386 566 2472 antiquissimus
598 2408 711 2451 uersus
744 2386 814 2452 uice
847 2385 1012 2471 prouerbii
1044 2386 1127 2451 cele-

113 2479 227 2544 bratus
250 2481 300 2543 ost

157 2601 298 2668 πολλάκι
321 2602 384 2687 γὰρ
407 2598 461 2666 καὶ
485 2602 594 2685 μωρὸς
617 2599 702 2686 ἀνὴρ
726 2601 813 2686 μάλα
836 2603 967 2686 καίριον
991 2594 1092 2666 εἶπεν.

75 2726 172 2791 eosed
197 2727 297 2810 enim,
324 2726 380 2810 qui
405 2726 492 2790 omni
516 2726 550 2789 in
574 2748 609 2790 re
632 2729 729 2810 atque
753 2725 839 2790 omni
864 2730 1009 2810 tempore
1033 2723 1127 2789 lauda
1141 2725 1180 2790 13

117 2814 205 2880 omni
228 2818 331 2896 uacat,
354 2814 382 2879 is
407 2813 591 2878 inlaudatus
613 2817 671 2897 est,
693 2815 785 2898 isque
804 2813 949 2878 omnium
967 2813 1128 2898 pessimus

117 2902 372 2985 deterrimusque
405 2904 469 2986 est,
506 2923 543 2966 ao
580 2901 674 2966 sicuti
706 2902 810 2966 omnis
843 2903 956 2986 cnlpae
988 2899 1128 2983 priuatio

118 2991 317 3076 inculpatum
338 2991 425 3074 lacit,
443 2991 628 3073 inculpatus
648 2992 756 3054 autom
775 2989 878 3054 instar
896 2993 947 3054 est
960 2988 1129 3053 absolutae

118 3080 261 3160 uirtutis,
294 3079 479 3145 inlaudatus
507 3103 634 3166 quoquo
662 3079 762 3165 igitar
790 3080 862 3144 finis
891 3081 942 3144 est
968 3081 1129 3144 extremae

77 3193 103 3234 aa
118 3169 270 3236 malitiae.
317 3168 427 3254 itaqua
451 3169 611 3235 Homerus
635 3192 699 3235 non
725 3169 900 3234 uirtutibus
924 3167 1180 3253 appellandisld

116 3258 171 3324 sed
208 3259 296 3324 uitiis
332 3258 538 3323 detrahendis
572 3259 705 3324 laudare
738 3259 887 3343 ampliter
920 3257 1013 3323 solet.
1068 3255 1130 3322 hoc

116 3348 201 3412 enim
225 3352 276 3413 cst

159 3471 205 3537 τὼ
229 3471 259 3537 d'
281 3470 343 3536 οὐκ
366 3472 484 3536 ἄκοντε
507 3469 675 3556 πετέσθην

115 3600 149 3662 et
171 3596 251 3661 item
274 3595 355 3661 illud

187 3828 203 3875 3
222 3821 322 3891 fragm.
342 3821 385 3875 od.
405 3820 504 3875 lordan
525 3839 552 3890 p.
572 3825 614 3889 55,
634 3825 650 3874 8
705 3821 770 3876 8in
789 3819 866 3874 Varr.
886 3819 938 3873 llll
958 3825 1001 3889 tt,
1021 3825 1070 3872 122

187 4031 334 4100 tlcquutr
355 4031 382 4083 P
428 4019 544 4085 ΒΜ]
591 4030 718 4085 tacherl
728 4031 755 4084 P
808 4028 1134 4099 onerante-Vetrarel’

118 4105 149 4156 11
170 4101 367 4155 eonsuetuoma
388 4097 424 4154 P'
510 4103 724 4156 introducto
744 4102 772 4155 Ρ
850 4106 885 4153 26
905 4098 1079 4154 ddsrehendrl
1094 4096 1130 4152 P'

117 4173 269 4226 2801ΚΡ
323 4172 530 4225 ΠΕΤΕΟΘΗΝΕ
549 4173 588 4225 its}
609 4173 637 4226 P
