3322 5190
622 838 662 894 111
680 844 768 894 t-td
1135 836 1201 903 487

191 1000 328 1086 plenitur
354 1003 387 1065 et
409 1021 521 1067 omnes
544 999 648 1086 ipsine
670 1000 790 1066 somnii
818 999 941 1085 speeies
963 998 1107 1086 attingit
1153 1001 1205 1065 eat

191 1089 276 1156 enirn
304 1089 513 1175 oraculum,
547 1089 624 1175 qnia
651 1089 773 1156 Paulus
801 1093 835 1156 et
863 1088 1037 1155 Africanus
1067 1091 1204 1176 uterque

190 1200 315 1264 parens,
334 1179 439 1246 saneti
457 1201 638 1265 grauesque
657 1177 754 1246 ambo
778 1200 838 1245 neo
857 1178 955 1244 alieni
974 1201 994 1244 a
1012 1177 1203 1263 sacerdotio,

194 1267 272 1353 qaid
298 1267 347 1334 illi
372 1272 562 1334 euenturum
587 1271 674 1335 esset
701 1267 984 1352 denuntiauerunt,
1013 1271 1064 1333 est
1091 1266 1204 1352 nisio,

164 1357 270 1442 aquia
304 1358 377 1423 looa
413 1359 499 1444 ipsa,
534 1358 568 1423 in
605 1358 722 1444 quibus
758 1360 834 1442 poet
865 1379 982 1443 eorpus
1013 1355 1068 1422 uel
1098 1356 1203 1442 qualis

193 1447 320 1512 tuturus
339 1450 425 1513 esset
442 1446 577 1533 aspexit,
595 1450 646 1512 est
665 1447 868 1530 somnium,
886 1445 963 1532 quia
984 1468 1102 1530 rerum,
1122 1466 1204 1531 quae

192 1534 241 1600 illi
259 1539 409 1602 narratae
423 1539 508 1620 eunt,
527 1536 665 1602 altitudo
680 1540 767 1602 tecta
779 1535 1000 1622 profunditate
1014 1533 1204 1619 prudentiae
1254 1555 1257 1560 ·

191 1644 258 1690 non
281 1627 392 1708 potest
409 1624 505 1690 nobis
528 1625 591 1691 nisi
615 1624 753 1690 scientia
775 1623 1051 1708 interpretationis
1075 1622 1204 1708 aperiri.

192 1711 233 1776 ad
255 1711 357 1797 ipsius
383 1735 509 1798 qnoque
532 1713 652 1778 somnii
674 1713 798 1799 speeies
826 1734 939 1778 omnes
961 1713 1108 1778 refertur.
1154 1713 1204 1775 est
1216 1712 1257 1777 13

153 1819 178 1860 ιο
192 1801 405 1885 propriam,
433 1802 510 1885 quia
532 1802 572 1865 ad
604 1823 721 1887 supera
742 1801 814 1886 ipse
837 1800 1010 1886 perductus
1038 1803 1088 1866 est
1110 1798 1205 1866 etde

192 1909 227 1953 ee
249 1886 361 1954 futura
383 1890 546 1974 cognouit,
569 1893 621 1955 est
644 1890 824 1972 alienum,
854 1889 939 1975 quod
964 1909 1058 1974 quem
1083 1891 1205 1954 statum

192 1976 330 2042 aliorum
354 1977 482 2043 animae
506 1979 643 2044 sortitae
667 1978 733 2043 sint
757 1977 977 2063 deprehendit,
998 1997 1206 2058 commune,

214 2063 278 2131 uod
297 2064 409 2131 eadem
428 2064 500 2131 loea
518 2072 585 2131 tam
605 2066 669 2130 sibi
683 2089 780 2150 quam
800 2066 914 2132 ueteris
934 2064 1078 2131 eiusdem
1096 2063 1205 2130 meriti

192 2087 305 2218 didicit
327 2155 523 2238 praeparari,
546 2153 757 2239 pubiicum,
780 2153 866 2238 quod
891 2154 1061 2220 uictoriam
1079 2153 1206 2238 patriae

154 2257 180 2299 1⁶
195 2244 228 2306 et
255 2239 465 2325 Carthaginis
496 2243 662 2307 interitum
696 2247 729 2307 et
756 2241 976 2325 Capitolinum
1003 2240 1205 2325 triumphum

194 2349 232 2393 ao
250 2328 503 2393 sollicitudinem
523 2329 651 2394 futurae
666 2329 835 2394 seditionis
854 2329 1001 2413 agnouit,
1014 2327 1206 2413 generale,

194 2415 280 2500 qnod
312 2418 436 2482 eaelum
469 2417 550 2482 caeli
575 2439 613 2482 no
645 2417 781 2483 circulos
811 2416 1097 2502 conuersionisque
1129 2437 1205 2482 eon-

195 2508 324 2571 oentum
343 2505 419 2572 uiuo
439 2441 681 2572 auhmiromini
701 2527 789 2572 noua
807 2509 841 2571 et
854 2506 1022 2591 incognita
1036 2504 1205 2571 stellarum

195 2595 294 2661 etiam
318 2617 356 2661 ao
379 2595 536 2661 luminum
561 2600 668 2662 motus
692 2599 861 2682 terraeque
884 2596 990 2662 omnia
1015 2596 1110 2661 eitum
1136 2615 1206 2660 sus·

156 2683 343 2771 aspiciendo
376 2686 430 2751 uel
462 2684 667 2771 despiciendo
700 2687 857 2772 concepit.
902 2707 962 2751 neo
994 2685 1056 2750 diei
1087 2683 1260 2771 potest,14

197 2796 262 2841 non
290 2778 401 2859 aptum
424 2773 526 2840 fuisse
549 2773 710 2861 Scipionis
739 2796 895 2860 personae
918 2774 1094 2859 somnium,
1120 2772 1207 2861 quod

196 2868 229 2928 et
251 2864 400 2948 generale
424 2866 510 2928 esset
532 2865 565 2928 et
587 2863 767 2949 pubiioum,
790 2864 866 2948 quia
893 2862 1029 2929 necdum
1061 2861 1111 2928 iili
1132 2883 1206 2928 eon-

196 2951 326 3037 tigisset
355 2953 574 3037 amplissimus
604 2951 830 3037 magistratus,
862 2953 961 3019 immo
989 2973 1063 3016 oum
1093 2948 1207 3033 adhue,

197 3043 233 3104 ut
260 3039 329 3124 ipse
357 3038 450 3126 dicit,
472 3063 592 3126 paene
621 3040 731 3106 miles
759 3040 943 3106 haberetur.
993 3039 1086 3105 aiunt
1112 3038 1208 3123 enim,

157 3146 262 3194 aenon
286 3129 435 3195 habenda
458 3152 516 3215 pro
537 3131 623 3196 ueris
646 3129 686 3195 de
710 3133 797 3196 statu
816 3129 962 3197 ciuitatis
985 3129 1122 3214 somnia,
1144 3127 1208 3192 nisi

198 3240 279 3303 quae
302 3223 408 3284 rector
431 3219 501 3285 eins
528 3222 783 3306 magistratusue
805 3219 953 3303 uidisset,
981 3223 1039 3284 ant
1065 3217 1208 3303 quaeda

197 3307 292 3393 plebe
315 3328 381 3372 non
404 3329 489 3372 unus
513 3308 568 3372 sed
597 3309 692 3372 multi
715 3308 835 3373 similia
862 3308 1091 3373 somniassent.
1135 3306 1207 3372 ideo
1221 3305 1261 3371 15

198 3394 283 3481 apud
293 3394 480 3479 Homerum,
494 3416 567 3459 oum
577 3395 612 3459 in
625 3396 762 3461 coneilio
775 3396 973 3460 Graecorum
984 3396 1209 3480 Agamemnon

198 3483 368 3567 somnium,
383 3483 468 3567 quod
483 3483 522 3547 de
536 3481 725 3548 instruendo
740 3483 864 3566 proelio
880 3482 1006 3548 uiderat
1020 3482 1211 3567 publicaret,

158 3568 328 3655 aoNestor,
364 3570 419 3655 qui
447 3592 512 3636 non
540 3570 646 3636 minus
674 3572 743 3656 ipse
772 3571 945 3657 prudentia
976 3592 1074 3655 qoam
1103 3569 1209 3636 omnia

197 3659 331 3723 iuuenta
349 3659 473 3723 uiribus
492 3660 577 3723 iuuit
595 3659 780 3740 exereitum,
798 3658 974 3725 concilians
988 3658 1084 3722 tidem
1098 3657 1210 3723 relatis

197 3746 241 3810 de
261 3750 368 3811 statu
386 3747 495 3831 inquit
508 3745 664 3830 publico
680 3746 908 3812 eredendum
923 3747 1031 3831 regio
1051 3746 1211 3830 somnio,

269 3987 546 4045 reeomulaa
604 3984 825 4046 aaffncmPB
893 3989 1128 4047 tamboom.P
1192 4007 1210 4043 a

198 4078 248 4116 om.
268 4061 296 4115 P
362 4061 527 4116 ureterant
546 4060 602 4115 PB
671 4066 703 4115 lt
722 4063 824 4128 malon
843 4061 877 4129 P,
894 4064 908 4115 t
926 4059 993 4124 alios
1006 4077 1035 4131 p,
1054 4060 1210 4133 matponB

235 4133 298 4186 sont
314 4132 342 4186 Β
416 4137 449 4186 ts
472 4130 580 4186 mentis
593 4131 622 4185 Β
695 4131 980 4203 meorumnam,
1006 4131 1210 4200 ehartapaurfp

201 4207 233 4256 le
253 4202 432 4274 intrerprendo
451 4203 478 4256 Β
533 4201 825 4274 tteins]eorum1'
880 4209 913 4257 2⁷
932 4201 1084 4257 remorati&
1102 4201 1138 4256 Β
