3442 5190
776 806 953 862 fimum
1132 797 1134 800 ’
1310 810 1377 874 effi

362 971 395 1033 et
421 968 554 1055 relique.
606 968 769 1055 eleganter
796 970 904 1033 entem
931 968 1019 1034 illius
1047 969 1175 1054 quidem
1204 969 1375 1036 meteriem

363 1056 471 1140 elusit,
508 1078 545 1122 ex
577 1056 673 1122 huius
704 1060 813 1122 eutem
846 1078 924 1122 uere
956 1060 990 1122 et
1021 1057 1207 1124 uehementi
1240 1058 1376 1124 muteris

361 1145 520 1230 expressit
551 1146 760 1211 iracundiam.
816 1148 849 1210 et
881 1146 1012 1231 singule
1044 1145 1174 1230 quidem
1207 1168 1374 1212 enumere-
1388 1151 1427 1215 19

362 1234 481 1316 nimus,
521 1256 559 1299 ex
601 1234 718 1320 quibus
756 1233 842 1319 epud
879 1234 1027 1298 rhetores
1063 1235 1184 1321 psthos
1222 1235 1376 1317 nescitur,

335 1322 477 1409 equibus
510 1323 708 1389 ostendimus
742 1346 836 1389 usum
868 1322 1043 1389 Maronem.
1099 1323 1154 1389 sed
1188 1346 1253 1390 non
1284 1347 1374 1390 num·

360 1435 456 1501 quem
481 1412 645 1504 Vergilius
674 1414 707 1479 in
736 1437 801 1480 une
824 1436 858 1479 re
883 1414 922 1479 ed
946 1411 1128 1501 eugendum
1153 1414 1273 1500 pethos
1297 1413 1371 1480 duo·

359 1503 419 1570 bue
448 1507 505 1570 cut
528 1504 674 1590 pluribus
697 1504 778 1570 locis
801 1504 982 1571 coniunctis
1005 1504 1122 1587 utitur,
1145 1507 1182 1571 ut
1205 1505 1239 1571 in
1262 1506 1426 1574 rumoso

359 1593 400 1658 eb
423 1596 531 1660 estete

571 1685 722 1750 miserere
745 1683 891 1770 percutis

319 1803 344 1841 ιο
569 1774 734 1859 longaeui,

357 1863 470 1929 eloco

445 2009 541 2072 quem
563 2008 648 2052 nunc
671 1990 831 2052 maestum
856 1986 962 2072 petris
985 1987 1091 2052 Ardea
1115 1988 1211 2072 longe

445 2073 575 2156 diuidit,

358 2201 391 2260 et
413 2196 498 2261 circe
521 2195 739 2261 Cassandrum
762 2218 801 2259 ex
825 2196 920 2260 modo

318 2347 343 2388 rs
569 2339 641 2382 ecce
664 2317 863 2381 trahebatur.

358 2463 395 2505 ex
418 2440 532 2506 habitu
555 2440 699 2525 corporis

569 2565 674 2650 pessis
701 2565 860 2631 Priameia
883 2567 976 2650 uirgo

568 2654 726 2739 crinibus,

357 2766 394 2808 ex
418 2744 488 2810 loco

316 2897 342 2937 ee
445 2890 465 2932 e
487 2867 611 2950 templo
635 2915 642 2932 .
667 2916 674 2932 .
699 2915 706 2931 .
730 2866 902 2952 adytisque
926 2866 1101 2932 Mineruae.

356 2994 389 3056 ct
411 2991 495 3058 circe
518 2990 798 3077 Agamemnonem
823 3013 843 3055 e
866 2991 973 3076 petris

567 3115 638 3201 ipse
662 3116 870 3200 Mycenaeus,

355 3229 374 3271 e
396 3205 528 3270 fortune

568 3313 761 3379 magnorum
785 3290 901 3358 ductor
924 3291 1100 3375 Achiuum,

314 3439 374 3490 see
395 3415 634 3482 necessitudine

567 3538 729 3625 coniugis,

356 3651 375 3694 e
399 3628 469 3694 loco

355 3761 567 3771 ..m—...a—

426 3815 655 3891 Mmmu
748 3834 953 3889 smum
1044 3834 1265 3890 mmmm

355 3959 378 3966 -
383 3959 566 3966 0—-·—--.-—--

427 4037 442 4086 t
462 4031 640 4088 obtendimus
657 4031 691 4098 P,
711 4048 779 4087 corr.
799 4031 884 4102 uulgo
940 4036 972 4084 12
993 4031 1085 4099 petua
1103 4046 1153 4086 cm.
1176 4027 1212 4084 P'
1269 4035 1304 4085 14
1322 4048 1367 4087 ce·

359 4102 484 4157 sentirem
503 4103 531 4156 P
592 4107 625 4155 1e
643 4101 742 4156 *ebrtu
761 4102 789 4155 P
855 4108 889 4156 20
909 4101 1019 4168 editisq.
1039 4102 1068 4155 P
1135 4107 1168 4154 22
1188 4101 1330 4173 mrcsneus
1344 4102 1372 4155 Ρ

359 4179 393 4226 25
411 4189 429 4227 e
445 4171 645 4228 necessrtudrne
664 4172 793 4243 conrugrs
808 4189 858 4230 cm.
879 4172 911 4241 P,
930 4172 995 4228 add.
1016 4171 1254 4242 Oasitatriqieeu
