3322 5190
705 895 756 953 XV
778 901 882 954 11-12
1230 895 1296 962 639

281 1061 367 1126 inest
392 1059 529 1145 faciens,
555 1059 685 1146 petiens
713 1060 819 1126 inesse
846 1081 912 1125 non
939 1059 1069 1144 poterit
1117 1061 1151 1125 et
1177 1061 1215 1124 ut
1241 1058 1295 1124 eb·
1308 1060 1350 1127 16

281 1148 419 1214 solutius
447 1148 583 1233 liqueat,
610 1170 677 1214 uon
704 1150 877 1215 uerborum
906 1147 963 1213 eed
991 1169 1099 1214 rerum
1128 1147 1297 1213 intellectu

279 1238 464 1325 passionem
483 1237 670 1324 significari,
690 1258 762 1302 ecce
781 1237 866 1323 ignis
886 1258 957 1302 cum
972 1234 1075 1301 fertur
1089 1234 1132 1301 ed
1146 1256 1297 1320 eupeme,

280 1326 363 1391 nihil
385 1326 519 1411 petitur,
542 1346 615 1390 cum
639 1324 789 1391 deorsum
812 1324 924 1407 fertur,
947 1325 1017 1389 eine
1041 1323 1141 1390 dubio
1163 1323 1297 1408 petitur,

253 1415 357 1501 oquin
388 1414 450 1480 hoo
482 1413 546 1479 niei
579 1413 644 1479 ulio
674 1413 851 1498 inpellente
880 1435 944 1478 non
972 1413 1124 1495 sustinet,
1157 1415 1191 1477 et
1221 1432 1296 1477 eum

280 1525 379 1569 unum
406 1502 555 1589 idemque
583 1503 718 1568 uerbum
748 1503 944 1587 proferetur,
973 1500 1159 1588 peeeionem
1186 1505 1297 1567 temen
1384 1546 1387 1551 -

279 1593 376 1659 modo
404 1592 510 1658 inesse
534 1592 630 1658 modo
655 1592 768 1658 ebeeue
792 1591 942 1657 dicemus.
989 1611 1068 1678 ergo
1092 1594 1125 1656 et
1148 1588 1348 1660 moueril'l

280 1683 365 1748 idem
401 1681 434 1748 in
472 1681 708 1769 significatione
745 1683 808 1765 eet,
849 1681 932 1766 quod
970 1681 1111 1766 celere,
1153 1683 1187 1747 et
1222 1701 1295 1746 cum

281 1771 401 1838 serrum
426 1773 530 1839 colere
554 1770 690 1838 dicimus
709 1770 763 1837 uel
782 1769 895 1837 stilum
913 1771 1047 1855 moueri,
1070 1770 1148 1856 quie
1165 1769 1296 1855 utrique

241 1861 343 1928 ruhoo
370 1862 500 1928 aliunde
526 1862 691 1947 prouenit,
718 1861 903 1947 puscionem
928 1882 1000 1927 esee
1022 1860 1195 1946 fateamur,
1222 1880 1297 1925 oum

282 1974 359 2018 uero
383 1956 440 2018 eut
462 1950 549 2038 iguis
573 1951 678 2016 calere
701 1955 758 2017 eut
780 1951 904 2018 moueri
928 1951 1039 2016 anime
1062 1950 1196 2031 dicetur,
1220 1949 1297 2034 quie

281 2040 369 2107 illiue
396 2041 431 2106 iu
456 2041 562 2107 calore
586 2042 619 2104 et
641 2040 675 2105 in
699 2045 790 2106 motu
813 2038 911 2105 huiue
934 2039 1076 2105 essentie
1098 2042 1161 2125 eet,
1188 2039 1296 2104 nullus

281 2128 335 2195 hic
357 2131 446 2195 locus
469 2129 661 2215 relinquitur
684 2128 838 2280 passioni,
861 2128 917 2193 eed
941 2127 996 2193 ille
1020 2128 1066 2193 eie
1087 2128 1193 2194 celere
1211 2128 1298 2193 eiout

282 2217 406 2281 moueri
429 2217 492 2281 istu
515 2217 645 2281 dicetur.
711 2238 749 2281 oc
772 2218 844 2282 loco
868 2217 1061 2281 Aristoteles
1086 2220 1235 2303 argutum
1257 2214 1349 2282 <1018

241 2321 267 2363 ro
281 2303 389 2368 uerbis
426 2304 619 2367 columniam
653 2305 794 2368 sarciens
827 2303 996 2369 Plutonem
1030 2324 1157 2389 quoque
1189 2304 1296 2387 ipsum

280 2391 352 2471 duo,
376 2390 409 2457 id
432 2390 589 2476 estquod
614 2395 725 2456 mouet
748 2396 781 2456 et
803 2391 888 2476 quod
912 2395 1070 2470 mouetur,
1094 2392 1296 2477 significasne

281 2480 447 2547 contendit
482 2479 617 2546 dicendo
654 2478 779 2546 eolum
811 2479 935 2566 igitur
966 2480 1067 2566 quod
1099 2502 1138 2546 ee
1170 2480 1295 2565 ipeum

281 2572 421 2653 mouet,
458 2569 548 2654 quie
584 2590 788 2654 numquam
820 2569 1017 2635 deseritur
1050 2592 1069 2635 e
1101 2590 1153 2653 re,
1187 2589 1294 2634 num·

282 2682 393 2745 quem
420 2680 464 2724 ne
493 2658 639 2724 moueri
667 2658 819 2742 quidem
842 2659 989 2724 desinit
1011 2661 1045 2724 et
1067 2661 1179 2743 operte
1202 2658 1294 2723 illum

240 2750 345 2815 eoduo
378 2748 573 2834 expreeeieee
604 2747 787 2832 proclamet
818 2747 869 2814 hio
901 2747 1010 2814 uerbis
1038 2746 1137 2833 quod
1164 2751 1295 2813 mouet
1328 2760 1330 2766 '

281 2840 315 2903 et
342 2837 495 2902 moueri.
541 2836 596 2902 eed
625 2835 752 2902 uidetur
779 2837 859 2902 mihi
887 2838 938 2902 uir
960 2839 1072 2903 tentus
1095 2835 1177 2901 nihil
1201 2835 1294 2922 igno-

281 2948 353 2992 rure
390 2924 548 3011 potuisse,
588 2923 643 2990 eed
680 2925 712 2990 iu
752 2925 903 2991 exercitio
940 2925 1140 3011 unguliurum
1177 2924 1293 2991 talium

281 3016 484 3081 coniuentem
508 3012 570 3079 eibi
595 3034 726 3097 operum
749 3019 866 3098 sponte
890 3014 1015 3080 lueieee.
1056 3017 1199 3079 ceterum
1221 3013 1293 3097 quie
1304 3014 1346 3079 19

280 3124 346 3169 non
369 3103 526 3187 aduertut,
550 3124 622 3169 cum
645 3101 721 3186 quid
746 3102 864 3169 dicitur
886 3124 921 3169 ee
940 3102 1047 3189 ipsum
1066 3123 1205 3185 mouere,
1226 3121 1294 3167 non

241 3191 343 3256 uduo
376 3191 617 3278 intellegenda?
666 3193 751 3258 sicut
783 3196 817 3257 et
847 3216 920 3260 cum
952 3193 1071 3258 dicitur
1100 3189 1219 3257 ἑαυτὸν
1246 3211 1294 3255 τι·

280 3281 494 3365 μωρούμενος
521 3280 554 3344 id
582 3284 633 3345 eet
659 3301 693 3345 ee
720 3281 872 3368 puniens,
903 3303 969 3348 uon
996 3282 1079 3347 ulter
1108 3280 1164 3366 qui
1189 3277 1294 3364 punit,

280 3370 362 3433 ulter
385 3374 436 3434 eet
458 3370 514 3454 qui
536 3368 679 3452 punitur,
702 3374 736 3434 et
753 3391 827 3434 cum
845 3392 880 3434 eu
897 3370 1041 3455 perdere,
1064 3389 1099 3433 ee
1117 3366 1295 3450 inuoluere,

280 3477 314 3520 ee
347 3456 485 3522 liberere
518 3456 590 3541 quie
622 3455 752 3541 dicitur,
783 3478 849 3521 non
879 3478 1011 3523 necesse
1041 3459 1092 3521 eet
1118 3476 1219 3521 unum
1247 3454 1294 3520 fe·

280 3545 431 3628 cientem,
464 3545 603 3610 alterum
631 3544 764 3610 eubeeoe
790 3545 983 3631 potientem,
1012 3544 1069 3611 eed
1096 3543 1160 3609 hoc
1188 3542 1294 3608 solnm

239 3632 446 3698 wintellectu
486 3632 582 3698 huius
619 3631 812 3699 elocutionis
848 3634 1053 3718 exprimitur,
1093 3633 1131 3696 ut
1165 3630 1222 3715 qui
1259 3650 1294 3695 ee

280 3722 387 3807 punit,
414 3725 472 3786 eut
498 3720 554 3806 qui
583 3742 617 3785 ee
645 3719 777 3805 liberet,
804 3742 870 3786 non
893 3721 934 3785 ab
958 3720 1022 3785 elio
1046 3719 1109 3784 hoc
1132 3717 1295 3802 uooepieee

278 3866 492 3874 ——ae--n-n

350 3952 410 4005 tet
429 3954 462 4003 18
481 3954 507 4005 ct
524 3952 559 4004 22
578 3949 620 4004 let
638 3949 667 4004 B
719 3951 791 4003 tun
830 3947 917 4004 lleute
931 3945 985 4003 ΡΒ
1038 3945 1242 4018 tlignrlrtrone
1256 3945 1292 4001 P

278 4018 406 4076 oculere
424 4019 499 4075 ferrr'r
518 4020 548 4076 P
600 4023 634 4074 14
652 4017 777 4075 unitotel
817 4019 846 4074 Β
899 4023 935 4075 2ο
953 4018 1009 4074 duo
1027 4035 1077 4075 om.
1096 4017 1125 4072 P
1175 4020 1211 4072 22
1225 4033 1292 4073 oon·

278 4091 393 4146 hrbeute
412 4090 442 4144 Ρ
494 4095 593 4160 2lqu1
608 4090 638 4144 Ρ
689 4093 723 4144 22
738 4089 969 4146 duoeuunm'tto
984 4090 1012 4144 B
1064 4086 1293 4159 rutelhgenduB

312 4197 437 4252 eeanun
455 4197 513 4253 nr>
563 4177 666 4262 emor}
684 4194 829 4265 menore,
847 4192 1099 4253 rruoevueuoc
1117 4195 1146 4250 n
1198 4196 1234 4248 re
1252 4193 1293 4248 u-

279 4269 408 4322 cremtem
428 4267 465 4322 P'
521 4273 556 4323 80
574 4267 722 4324 intellectu
742 4263 780 4322 P'
