<?xml version="1.0" encoding="UTF-8"?>
<!DOCTYPE html PUBLIC "-//W3C//DTD XHTML 1.0 Transitional//EN"
    "http://www.w3.org/TR/xhtml1/DTD/xhtml1-transitional.dtd">
<html xmlns="http://www.w3.org/1999/xhtml" xml:lang="en" lang="en">
 <head>
  <title>
</title>
<meta http-equiv="Content-Type" content="text/html;charset=utf-8" />
  <meta name='ocr-system' content='tesseract 3.04.00' />
  <meta name='ocr-capabilities' content='ocr_page ocr_carea ocr_par ocr_line ocrx_word'/>
</head>
<body>
  <div class='ocr_page' id='page_1' title='image "./macrobius00cicegoog_0335.png"; bbox 0 0 3322 5190; ppageno 0'>
   <div class='ocr_carea' id='block_1_1' title="bbox 572 854 1283 921">
    <p class='ocr_par' dir='ltr' id='par_1_1' title="bbox 572 854 1283 921">
     <span class='ocr_line' id='line_1_1' title="bbox 572 854 1283 921; baseline 0.011 -7"><span class='ocrx_word' id='word_1_1' title='bbox 572 859 649 914; x_wconf 84' lang='lat' dir='ltr'><strong>xvrr</strong></span> <span class='ocrx_word' id='word_1_2' title='bbox 670 864 775 913; x_wconf 84' lang='lat' dir='ltr'><strong>rs-so</strong></span> <span class='ocrx_word' id='word_1_3' title='bbox 804 858 893 915; x_wconf 83' lang='lat' dir='ltr'>xv111</span> <span class='ocrx_word' id='word_1_4' title='bbox 914 865 982 915; x_wconf 79' lang='lat' dir='ltr'><strong>r-r</strong></span> <span class='ocrx_word' id='word_1_5' title='bbox 1217 854 1283 921; x_wconf 80' lang='lat'><strong>325</strong></span> 
     </span>
    </p>
   </div>
   <div class='ocr_carea' id='block_1_2' title="bbox 270 1020 1061 1280">
    <p class='ocr_par' dir='ltr' id='par_1_2' title="bbox 270 1020 1061 1280">
     <span class='ocr_line' id='line_1_2' title="bbox 314 1020 1061 1108; baseline -0.005 -19"><span class='ocrx_word' id='word_1_6' title='bbox 314 1022 417 1108; x_wconf 91' lang='lat' dir='ltr'><strong>Orphi</strong></span> <span class='ocrx_word' id='word_1_7' title='bbox 440 1022 617 1107; x_wconf 79' lang='lat' dir='ltr'><strong>Calliopea,</strong></span> <span class='ocrx_word' id='word_1_8' title='bbox 640 1020 722 1087; x_wconf 83' lang='lat' dir='ltr'><strong>hino</strong></span> <span class='ocrx_word' id='word_1_9' title='bbox 744 1021 907 1088; x_wconf 86' lang='lat' dir='ltr'><strong>formosus</strong></span> <span class='ocrx_word' id='word_1_10' title='bbox 931 1021 1061 1106; x_wconf 81' lang='lat' dir='ltr'><strong>Apollo,</strong></span> 
     </span>
     <span class='ocr_line' id='line_1_3' title="bbox 270 1113 1008 1280; baseline -0.008 -15"><span class='ocrx_word' id='word_1_11' title='bbox 270 1113 304 1176; x_wconf 54' lang='lat' dir='ltr'><strong>et</strong></span> <span class='ocrx_word' id='word_1_12' title='bbox 482 1197 633 1280; x_wconf 88' lang='lat' dir='ltr'><strong>uidimus,</strong></span> <span class='ocrx_word' id='word_1_13' title='bbox 656 1220 675 1263; x_wconf 94' lang='lat' dir='ltr'><strong>o</strong></span> <span class='ocrx_word' id='word_1_14' title='bbox 700 1197 797 1280; x_wconf 90' lang='lat' dir='ltr'><strong>ciues,</strong></span> <span class='ocrx_word' id='word_1_15' title='bbox 821 1196 1008 1278; x_wconf 85' lang='lat' dir='ltr'>Diomeden,</span> 
     </span>
    </p>
   </div>
   <div class='ocr_carea' id='block_1_3' title="bbox 235 1317 1341 1934">
    <p class='ocr_par' dir='ltr' id='par_1_3' title="bbox 235 1317 1341 1934">
     <span class='ocr_line' id='line_1_4' title="bbox 270 1317 1285 1386; baseline -0.005 0"><span class='ocrx_word' id='word_1_16' title='bbox 270 1323 308 1386; x_wconf 91' lang='lat' dir='ltr'><strong>ut</strong></span> <span class='ocrx_word' id='word_1_17' title='bbox 338 1320 451 1386; x_wconf 88' lang='lat' dir='ltr'><strong>talium</strong></span> <span class='ocrx_word' id='word_1_18' title='bbox 483 1321 651 1386; x_wconf 87' lang='lat' dir='ltr'><strong>nominum</strong></span> <span class='ocrx_word' id='word_1_19' title='bbox 685 1319 889 1385; x_wconf 88' lang='lat' dir='ltr'><strong>accusatiuus</strong></span> <span class='ocrx_word' id='word_1_20' title='bbox 919 1317 1064 1384; x_wconf 83' lang='lat' dir='ltr'><strong>Graecus</strong></span> <span class='ocrx_word' id='word_1_21' title='bbox 1099 1319 1209 1384; x_wconf 88' lang='lat' dir='ltr'><strong>estin</strong></span> <span class='ocrx_word' id='word_1_22' title='bbox 1236 1335 1285 1381; x_wconf 77' lang='lat' dir='ltr'><strong>sn</strong></span> 
     </span>
     <span class='ocr_line' id='line_1_5' title="bbox 245 1405 1285 1493; baseline -0.004 -18"><span class='ocrx_word' id='word_1_23' title='bbox 245 1408 429 1475; x_wconf 85' lang='lat' dir='ltr'><strong>sdesinens.</strong></span> <span class='ocrx_word' id='word_1_24' title='bbox 475 1432 551 1474; x_wconf 88' lang='lat' dir='ltr'><strong>nam</strong></span> <span class='ocrx_word' id='word_1_25' title='bbox 575 1408 677 1493; x_wconf 89' lang='lat' dir='ltr'><strong>siquis</strong></span> <span class='ocrx_word' id='word_1_26' title='bbox 701 1431 773 1474; x_wconf 91' lang='lat' dir='ltr'><strong>enm</strong></span> <span class='ocrx_word' id='word_1_27' title='bbox 796 1412 893 1493; x_wconf 90' lang='lat' dir='ltr'><strong>putat</strong></span> <span class='ocrx_word' id='word_1_28' title='bbox 917 1407 1031 1473; x_wconf 83' lang='lat' dir='ltr'><strong>Latine</strong></span> <span class='ocrx_word' id='word_1_29' title='bbox 1055 1406 1174 1472; x_wconf 77' lang='lat' dir='ltr'>dixisse</span> <span class='ocrx_word' id='word_1_30' title='bbox 1194 1405 1285 1471; x_wconf 91' lang='lat' dir='ltr'><strong>Dio·</strong></span> 
     </span>
     <span class='ocr_line' id='line_1_6' title="bbox 271 1492 1340 1578; baseline -0.005 -16"><span class='ocrx_word' id='word_1_31' title='bbox 271 1497 427 1578; x_wconf 91' lang='lat' dir='ltr'><strong>medem,</strong></span> <span class='ocrx_word' id='word_1_32' title='bbox 446 1498 569 1563; x_wconf 89' lang='lat' dir='ltr'><strong>sanitas</strong></span> <span class='ocrx_word' id='word_1_33' title='bbox 590 1498 685 1561; x_wconf 91' lang='lat' dir='ltr'><strong>metri</strong></span> <span class='ocrx_word' id='word_1_34' title='bbox 704 1497 738 1562; x_wconf 89' lang='lat' dir='ltr'><strong>in</strong></span> <span class='ocrx_word' id='word_1_35' title='bbox 757 1517 852 1562; x_wconf 88' lang='lat' dir='ltr'><strong>uersu</strong></span> <span class='ocrx_word' id='word_1_36' title='bbox 872 1495 1116 1561; x_wconf 69' lang='lat' dir='ltr'><strong>desiderabitur.</strong></span> <span class='ocrx_word' id='word_1_37' title='bbox 1146 1492 1340 1578; x_wconf 82' lang='lat' dir='ltr'><strong>denique20</strong></span> 
     </span>
     <span class='ocr_line' id='line_1_7' title="bbox 272 1583 1287 1652; baseline -0.005 0"><span class='ocrx_word' id='word_1_38' title='bbox 272 1586 381 1652; x_wconf 89' lang='lat' dir='ltr'><strong>omnia</strong></span> <span class='ocrx_word' id='word_1_39' title='bbox 408 1586 553 1650; x_wconf 87' lang='lat' dir='ltr'><strong>carmina</strong></span> <span class='ocrx_word' id='word_1_40' title='bbox 581 1607 640 1650; x_wconf 88' lang='lat' dir='ltr'><strong>sua</strong></span> <span class='ocrx_word' id='word_1_41' title='bbox 667 1584 788 1650; x_wconf 87' lang='lat' dir='ltr'><strong>Graece</strong></span> <span class='ocrx_word' id='word_1_42' title='bbox 816 1586 931 1649; x_wconf 89' lang='lat' dir='ltr'><strong>maluit</strong></span> <span class='ocrx_word' id='word_1_43' title='bbox 958 1584 1132 1649; x_wconf 79' lang='lat' dir='ltr'><strong>inscribere</strong></span> <span class='ocrx_word' id='word_1_44' title='bbox 1160 1583 1287 1648; x_wconf 63' lang='lat' dir='ltr'><strong>Ituco-⁴</strong></span> 
     </span>
     <span class='ocr_line' id='line_1_8' title="bbox 270 1670 1287 1759; baseline 0 -22"><span class='ocrx_word' id='word_1_45' title='bbox 270 1674 347 1738; x_wconf 90' lang='lat' dir='ltr'><strong>lica</strong></span> <span class='ocrx_word' id='word_1_46' title='bbox 379 1673 569 1759; x_wconf 79' lang='lat' dir='ltr'><strong>Georgica</strong></span> <span class='ocrx_word' id='word_1_47' title='bbox 597 1673 751 1756; x_wconf 83' lang='lat' dir='ltr'><strong>Aeneis,</strong></span> <span class='ocrx_word' id='word_1_48' title='bbox 783 1673 873 1738; x_wconf 91' lang='lat' dir='ltr'><strong>cuius</strong></span> <span class='ocrx_word' id='word_1_49' title='bbox 906 1673 1046 1738; x_wconf 90' lang='lat' dir='ltr'><strong>nominis</strong></span> <span class='ocrx_word' id='word_1_50' title='bbox 1079 1670 1233 1757; x_wconf 89' lang='lat' dir='ltr'><strong>figuratio</strong></span> <span class='ocrx_word' id='word_1_51' title='bbox 1266 1692 1287 1737; x_wconf 81' lang='lat' dir='ltr'><strong>a</strong></span> 
     </span>
     <span class='ocr_line' id='line_1_9' title="bbox 273 1760 809 1847; baseline -0.004 -21"><span class='ocrx_word' id='word_1_52' title='bbox 273 1762 387 1847; x_wconf 83' lang='lat' dir='ltr'><strong>regula</strong></span> <span class='ocrx_word' id='word_1_53' title='bbox 410 1760 599 1826; x_wconf 71' lang='lat' dir='ltr'><strong>Latinitatis</strong></span> <span class='ocrx_word' id='word_1_54' title='bbox 624 1762 728 1826; x_wconf 87' lang='lat' dir='ltr'><strong>aliona</strong></span> <span class='ocrx_word' id='word_1_55' title='bbox 752 1764 809 1825; x_wconf 90' lang='lat' dir='ltr'><strong>est.</strong></span> 
     </span>
     <span class='ocr_line' id='line_1_10' title="bbox 235 1845 1341 1934; baseline -0.007 -15"><span class='ocrx_word' id='word_1_56' title='bbox 235 1880 261 1919; x_wconf 88' lang='lat' dir='ltr'><strong>ro</strong></span> <span class='ocrx_word' id='word_1_57' title='bbox 361 1847 424 1914; x_wconf 87' lang='lat' dir='ltr'><strong>Sed</strong></span> <span class='ocrx_word' id='word_1_58' title='bbox 439 1849 478 1915; x_wconf 92' lang='lat' dir='ltr'><strong>de</strong></span> <span class='ocrx_word' id='word_1_59' title='bbox 492 1850 542 1915; x_wconf 89' lang='lat' dir='ltr'><strong>his</strong></span> <span class='ocrx_word' id='word_1_60' title='bbox 553 1851 721 1932; x_wconf 90' lang='lat' dir='ltr'><strong>hactenus,</strong></span> <span class='ocrx_word' id='word_1_61' title='bbox 735 1871 871 1934; x_wconf 88' lang='lat' dir='ltr'><strong>quorum</strong></span> <span class='ocrx_word' id='word_1_62' title='bbox 883 1850 978 1933; x_wconf 88' lang='lat' dir='ltr'><strong>plura</strong></span> <span class='ocrx_word' id='word_1_63' title='bbox 988 1847 1150 1930; x_wconf 88' lang='lat' dir='ltr'><strong>omnibus,</strong></span> <span class='ocrx_word' id='word_1_64' title='bbox 1163 1845 1341 1913; x_wconf 82' lang='lat' dir='ltr'><strong>ali-XVllI</strong></span> 
     </span>
    </p>
   </div>
   <div class='ocr_carea' id='block_1_4' title="bbox 233 1936 1318 2557">
    <p class='ocr_par' dir='ltr' id='par_1_4' title="bbox 233 1936 1318 2557">
     <span class='ocr_line' id='line_1_11' title="bbox 273 1936 1289 2023; baseline -0.002 -20"><span class='ocrx_word' id='word_1_65' title='bbox 273 1962 337 2023; x_wconf 90' lang='lat' dir='ltr'><strong>qua</strong></span> <span class='ocrx_word' id='word_1_66' title='bbox 360 1960 426 2003; x_wconf 90' lang='lat' dir='ltr'><strong>non</strong></span> <span class='ocrx_word' id='word_1_67' title='bbox 450 1939 548 2003; x_wconf 89' lang='lat' dir='ltr'><strong>nullis</strong></span> <span class='ocrx_word' id='word_1_68' title='bbox 568 1938 789 2003; x_wconf 87' lang='lat' dir='ltr'><strong>Itomenorum</strong></span> <span class='ocrx_word' id='word_1_69' title='bbox 811 1940 890 2003; x_wconf 92' lang='lat' dir='ltr'><strong>nota</strong></span> <span class='ocrx_word' id='word_1_70' title='bbox 913 1941 999 2002; x_wconf 83' lang='lat' dir='ltr'><strong>snnt.</strong></span> <span class='ocrx_word' id='word_1_71' title='bbox 1036 1936 1074 2000; x_wconf 90' lang='lat' dir='ltr'><strong>ad</strong></span> <span class='ocrx_word' id='word_1_72' title='bbox 1100 1937 1159 2001; x_wconf 91' lang='lat' dir='ltr'><strong>illa</strong></span> <span class='ocrx_word' id='word_1_73' title='bbox 1181 1937 1289 2019; x_wconf 91' lang='lat' dir='ltr'><strong>uenio,</strong></span> 
     </span>
     <span class='ocr_line' id='line_1_12' title="bbox 272 2026 1288 2113; baseline -0.001 -21"><span class='ocrx_word' id='word_1_74' title='bbox 272 2049 354 2113; x_wconf 90' lang='lat' dir='ltr'><strong>quae</strong></span> <span class='ocrx_word' id='word_1_75' title='bbox 374 2027 412 2092; x_wconf 89' lang='lat' dir='ltr'><strong>de</strong></span> <span class='ocrx_word' id='word_1_76' title='bbox 427 2026 625 2092; x_wconf 87' lang='lat' dir='ltr'><strong>Graecarum</strong></span> <span class='ocrx_word' id='word_1_77' title='bbox 644 2027 826 2092; x_wconf 87' lang='lat' dir='ltr'><strong>litterarum</strong></span> <span class='ocrx_word' id='word_1_78' title='bbox 842 2026 1064 2110; x_wconf 80' lang='lat' dir='ltr'><strong>penetralibus</strong></span> <span class='ocrx_word' id='word_1_79' title='bbox 1080 2028 1175 2090; x_wconf 88' lang='lat' dir='ltr'><strong>eruta</strong></span> <span class='ocrx_word' id='word_1_80' title='bbox 1188 2026 1288 2091; x_wconf 88' lang='lat' dir='ltr'><strong>nullis</strong></span> 
     </span>
     <span class='ocr_line' id='line_1_13' title="bbox 272 2114 1289 2201; baseline -0.003 -20"><span class='ocrx_word' id='word_1_81' title='bbox 272 2115 404 2201; x_wconf 85' lang='lat' dir='ltr'><strong>cognitu</strong></span> <span class='ocrx_word' id='word_1_82' title='bbox 431 2120 521 2196; x_wconf 88' lang='lat' dir='ltr'><strong>sunt,</strong></span> <span class='ocrx_word' id='word_1_83' title='bbox 548 2115 611 2180; x_wconf 86' lang='lat' dir='ltr'><strong>nisi</strong></span> <span class='ocrx_word' id='word_1_84' title='bbox 640 2116 694 2199; x_wconf 87' lang='lat' dir='ltr'><strong>qui</strong></span> <span class='ocrx_word' id='word_1_85' title='bbox 718 2114 876 2180; x_wconf 82' lang='lat' dir='ltr'><strong>Graecam</strong></span> <span class='ocrx_word' id='word_1_86' title='bbox 904 2116 1087 2180; x_wconf 87' lang='lat' dir='ltr'><strong>doctrinam</strong></span> <span class='ocrx_word' id='word_1_87' title='bbox 1117 2115 1289 2201; x_wconf 80' lang='lat' dir='ltr'><strong>diligenter</strong></span> 
     </span>
     <span class='ocr_line' id='line_1_14' title="bbox 272 2202 1289 2287; baseline -0.002 -18"><span class='ocrx_word' id='word_1_88' title='bbox 272 2205 457 2269; x_wconf 85' lang='lat' dir='ltr'><strong>hauserunt</strong></span> <span class='ocrx_word' id='word_1_89' title='bbox 495 2204 558 2269; x_wconf 87' lang='lat' dir='ltr'><strong>fuit</strong></span> <span class='ocrx_word' id='word_1_90' title='bbox 581 2206 667 2268; x_wconf 90' lang='lat' dir='ltr'><strong>enim</strong></span> <span class='ocrx_word' id='word_1_91' title='bbox 691 2203 744 2267; x_wconf 92' lang='lat' dir='ltr'><strong>hic</strong></span> <span class='ocrx_word' id='word_1_92' title='bbox 762 2207 860 2287; x_wconf 91' lang='lat' dir='ltr'><strong>poeta</strong></span> <span class='ocrx_word' id='word_1_93' title='bbox 878 2206 915 2268; x_wconf 89' lang='lat' dir='ltr'><strong>ut</strong></span> <span class='ocrx_word' id='word_1_94' title='bbox 934 2204 1121 2284; x_wconf 88' lang='lat' dir='ltr'><strong>scrupulose</strong></span> <span class='ocrx_word' id='word_1_95' title='bbox 1136 2207 1170 2267; x_wconf 90' lang='lat' dir='ltr'><strong>et</strong></span> <span class='ocrx_word' id='word_1_96' title='bbox 1183 2202 1289 2287; x_wconf 85' lang='lat' dir='ltr'><strong>anxie,</strong></span> 
     </span>
     <span class='ocr_line' id='line_1_15' title="bbox 233 2291 1289 2373; baseline -0.005 -14"><span class='ocrx_word' id='word_1_97' title='bbox 233 2318 258 2359; x_wconf 81' lang='lat' dir='ltr'><strong>ra</strong></span> <span class='ocrx_word' id='word_1_98' title='bbox 272 2292 319 2357; x_wconf 89' lang='lat' dir='ltr'><strong>ita</strong></span> <span class='ocrx_word' id='word_1_99' title='bbox 343 2291 585 2357; x_wconf 77' lang='lat' dir='ltr'><strong>dissimulanter</strong></span> <span class='ocrx_word' id='word_1_100' title='bbox 609 2295 642 2356; x_wconf 92' lang='lat' dir='ltr'><strong>et</strong></span> <span class='ocrx_word' id='word_1_101' title='bbox 665 2292 814 2356; x_wconf 86' lang='lat' dir='ltr'><strong>clanculo</strong></span> <span class='ocrx_word' id='word_1_102' title='bbox 838 2292 966 2373; x_wconf 90' lang='lat' dir='ltr'><strong>doetus,</strong></span> <span class='ocrx_word' id='word_1_103' title='bbox 995 2294 1033 2355; x_wconf 89' lang='lat' dir='ltr'><strong>ut</strong></span> <span class='ocrx_word' id='word_1_104' title='bbox 1055 2292 1159 2355; x_wconf 88' lang='lat' dir='ltr'><strong>multa</strong></span> <span class='ocrx_word' id='word_1_105' title='bbox 1182 2293 1289 2354; x_wconf 88' lang='lat' dir='ltr'><strong>trans·</strong></span> 
     </span>
     <span class='ocr_line' id='line_1_16' title="bbox 272 2378 1288 2465; baseline -0.001 -20"><span class='ocrx_word' id='word_1_106' title='bbox 272 2380 398 2463; x_wconf 87' lang='lat' dir='ltr'><strong>tulerit,</strong></span> <span class='ocrx_word' id='word_1_107' title='bbox 426 2401 509 2465; x_wconf 91' lang='lat' dir='ltr'><strong>qnae</strong></span> <span class='ocrx_word' id='word_1_108' title='bbox 536 2380 622 2445; x_wconf 89' lang='lat' dir='ltr'><strong>unde</strong></span> <span class='ocrx_word' id='word_1_109' title='bbox 647 2379 807 2444; x_wconf 85' lang='lat' dir='ltr'><strong>translata</strong></span> <span class='ocrx_word' id='word_1_110' title='bbox 836 2380 902 2443; x_wconf 88' lang='lat' dir='ltr'><strong>sint</strong></span> <span class='ocrx_word' id='word_1_111' title='bbox 925 2379 1056 2445; x_wconf 83' lang='lat' dir='ltr'><strong>difficile</strong></span> <span class='ocrx_word' id='word_1_112' title='bbox 1080 2379 1123 2444; x_wconf 89' lang='lat' dir='ltr'><strong>eit</strong></span> <span class='ocrx_word' id='word_1_113' title='bbox 1145 2378 1288 2465; x_wconf 88' lang='lat' dir='ltr'><strong>cognitu.</strong></span> 
     </span>
     <span class='ocr_line' id='line_1_17' title="bbox 272 2468 1318 2557; baseline -0.001 -23"><span class='ocrx_word' id='word_1_114' title='bbox 272 2470 306 2536; x_wconf 90' lang='lat' dir='ltr'><strong>in</strong></span> <span class='ocrx_word' id='word_1_115' title='bbox 330 2469 460 2535; x_wconf 86' lang='lat' dir='ltr'><strong>exordio</strong></span> <span class='ocrx_word' id='word_1_116' title='bbox 484 2469 718 2557; x_wconf 83' lang='lat' dir='ltr'><strong>Georgicorum</strong></span> <span class='ocrx_word' id='word_1_117' title='bbox 743 2469 854 2553; x_wconf 85' lang='lat' dir='ltr'><strong>poenit</strong></span> <span class='ocrx_word' id='word_1_118' title='bbox 877 2469 937 2534; x_wconf 87' lang='lat' dir='ltr'><strong>hos</strong></span> <span class='ocrx_word' id='word_1_119' title='bbox 960 2492 1073 2534; x_wconf 83' lang='lat' dir='ltr'><strong>nereus</strong></span> <span class='ocrx_word' id='word_1_120' title='bbox 1297 2468 1318 2533; x_wconf 79' lang='lat'>2</span> 
     </span>
    </p>
   </div>
   <div class='ocr_carea' id='block_1_5' title="bbox 235 2592 1177 2855">
    <p class='ocr_par' dir='ltr' id='par_1_5' title="bbox 235 2592 1177 2855">
     <span class='ocr_line' id='line_1_18' title="bbox 319 2592 1177 2676; baseline 0.001 -17"><span class='ocrx_word' id='word_1_121' title='bbox 319 2593 471 2659; x_wconf 79' lang='lat' dir='ltr'><strong>biberet</strong></span> <span class='ocrx_word' id='word_1_122' title='bbox 495 2594 581 2659; x_wconf 91' lang='lat' dir='ltr'><strong>alma</strong></span> <span class='ocrx_word' id='word_1_123' title='bbox 605 2592 713 2676; x_wconf 81' lang='lat' dir='ltr'><strong>Getes,</strong></span> <span class='ocrx_word' id='word_1_124' title='bbox 736 2597 845 2658; x_wconf 85' lang='lat' dir='ltr'><strong>nestro</strong></span> <span class='ocrx_word' id='word_1_125' title='bbox 871 2594 898 2658; x_wconf 91' lang='lat' dir='ltr'><strong>ei</strong></span> <span class='ocrx_word' id='word_1_126' title='bbox 923 2615 1055 2659; x_wconf 88' lang='lat' dir='ltr'><strong>munere</strong></span> <span class='ocrx_word' id='word_1_127' title='bbox 1079 2594 1177 2660; x_wconf 89' lang='lat' dir='ltr'><strong>tellus</strong></span> 
     </span>
     <span class='ocr_line' id='line_1_19' title="bbox 320 2680 1115 2769; baseline -0.001 -22"><span class='ocrx_word' id='word_1_128' title='bbox 320 2680 502 2748; x_wconf 84' lang='lat' dir='ltr'><strong>Chaoniam</strong></span> <span class='ocrx_word' id='word_1_129' title='bbox 526 2682 639 2769; x_wconf 88' lang='lat' dir='ltr'><strong>pingui</strong></span> <span class='ocrx_word' id='word_1_130' title='bbox 663 2681 816 2767; x_wconf 88' lang='lat' dir='ltr'><strong>glandem</strong></span> <span class='ocrx_word' id='word_1_131' title='bbox 841 2684 982 2746; x_wconf 87' lang='lat' dir='ltr'><strong>mutauit</strong></span> <span class='ocrx_word' id='word_1_132' title='bbox 1004 2684 1115 2767; x_wconf 88' lang='lat' dir='ltr'><strong>arista,</strong></span> 
     </span>
     <span class='ocr_line' id='line_1_20' title="bbox 235 2769 1103 2855; baseline -0.003 -17"><span class='ocrx_word' id='word_1_133' title='bbox 235 2799 263 2838; x_wconf 76' lang='lat' dir='ltr'><strong>ro</strong></span> <span class='ocrx_word' id='word_1_134' title='bbox 321 2772 498 2855; x_wconf 87' lang='lat' dir='ltr'><strong>poculaque</strong></span> <span class='ocrx_word' id='word_1_135' title='bbox 521 2771 662 2835; x_wconf 90' lang='lat' dir='ltr'><strong>inuentis</strong></span> <span class='ocrx_word' id='word_1_136' title='bbox 687 2769 846 2835; x_wconf 83' lang='lat' dir='ltr'><strong>Acheloia</strong></span> <span class='ocrx_word' id='word_1_137' title='bbox 868 2771 1000 2835; x_wconf 87' lang='lat' dir='ltr'><strong>miscuit</strong></span> <span class='ocrx_word' id='word_1_138' title='bbox 1022 2772 1103 2835; x_wconf 89' lang='lat' dir='ltr'><strong>uuis.</strong></span> 
     </span>
    </p>
   </div>
   <div class='ocr_carea' id='block_1_6' title="bbox 237 2892 1322 3862">
    <p class='ocr_par' dir='ltr' id='par_1_6' title="bbox 237 2892 1322 3862">
     <span class='ocr_line' id='line_1_21' title="bbox 276 2892 1319 2977; baseline 0.001 -20"><span class='ocrx_word' id='word_1_139' title='bbox 276 2893 356 2957; x_wconf 91' lang='lat' dir='ltr'><strong>nihil</strong></span> <span class='ocrx_word' id='word_1_140' title='bbox 375 2893 408 2957; x_wconf 93' lang='lat' dir='ltr'><strong>in</strong></span> <span class='ocrx_word' id='word_1_141' title='bbox 432 2892 483 2957; x_wconf 89' lang='lat' dir='ltr'><strong>his</strong></span> <span class='ocrx_word' id='word_1_142' title='bbox 507 2893 656 2957; x_wconf 87' lang='lat' dir='ltr'><strong>uersibus</strong></span> <span class='ocrx_word' id='word_1_143' title='bbox 680 2893 967 2977; x_wconf 88' lang='lat' dir='ltr'><strong>grammaticorum</strong></span> <span class='ocrx_word' id='word_1_144' title='bbox 987 2892 1102 2959; x_wconf 88' lang='lat' dir='ltr'><strong>cohors</strong></span> <span class='ocrx_word' id='word_1_145' title='bbox 1121 2892 1319 2977; x_wconf 87' lang='lat' dir='ltr'><strong>discipulis3</strong></span> 
     </span>
     <span class='ocr_line' id='line_1_22' title="bbox 276 2979 1289 3065; baseline 0.001 -21"><span class='ocrx_word' id='word_1_146' title='bbox 276 2981 343 3044; x_wconf 88' lang='lat' dir='ltr'><strong>suis</strong></span> <span class='ocrx_word' id='word_1_147' title='bbox 371 2981 511 3064; x_wconf 88' lang='lat' dir='ltr'><strong>amplius</strong></span> <span class='ocrx_word' id='word_1_148' title='bbox 539 2979 688 3064; x_wconf 83' lang='lat' dir='ltr'><strong>tradidit,</strong></span> <span class='ocrx_word' id='word_1_149' title='bbox 719 2981 781 3045; x_wconf 88' lang='lat' dir='ltr'><strong>nisi</strong></span> <span class='ocrx_word' id='word_1_150' title='bbox 810 2981 891 3045; x_wconf 89' lang='lat' dir='ltr'><strong>illud</strong></span> <span class='ocrx_word' id='word_1_151' title='bbox 921 3003 1021 3065; x_wconf 90' lang='lat' dir='ltr'><strong>opera</strong></span> <span class='ocrx_word' id='word_1_152' title='bbox 1048 2979 1175 3046; x_wconf 75' lang='lat' dir='ltr'><strong>Cereris</strong></span> <span class='ocrx_word' id='word_1_153' title='bbox 1199 2982 1289 3045; x_wconf 83' lang='lat' dir='ltr'><strong>effec-</strong></span> 
     </span>
     <span class='ocr_line' id='line_1_23' title="bbox 275 3068 1290 3153; baseline -0.001 -19"><span class='ocrx_word' id='word_1_154' title='bbox 275 3074 355 3151; x_wconf 89' lang='lat' dir='ltr'><strong>tum,</strong></span> <span class='ocrx_word' id='word_1_155' title='bbox 377 3071 415 3134; x_wconf 92' lang='lat' dir='ltr'><strong>ut</strong></span> <span class='ocrx_word' id='word_1_156' title='bbox 438 3069 587 3134; x_wconf 88' lang='lat' dir='ltr'><strong>homines</strong></span> <span class='ocrx_word' id='word_1_157' title='bbox 611 3069 807 3153; x_wconf 87' lang='lat' dir='ltr'><strong>abantiquo</strong></span> <span class='ocrx_word' id='word_1_158' title='bbox 831 3071 918 3135; x_wconf 91' lang='lat' dir='ltr'><strong>nictu</strong></span> <span class='ocrx_word' id='word_1_159' title='bbox 942 3070 1147 3152; x_wconf 85' lang='lat' dir='ltr'><strong>desisterent,</strong></span> <span class='ocrx_word' id='word_1_160' title='bbox 1170 3072 1204 3135; x_wconf 93' lang='lat' dir='ltr'><strong>et</strong></span> <span class='ocrx_word' id='word_1_161' title='bbox 1225 3068 1290 3134; x_wconf 83' lang='lat' dir='ltr'><strong>frn-</strong></span> 
     </span>
     <span class='ocr_line' id='line_1_24' title="bbox 277 3156 1289 3244; baseline 0.001 -23"><span class='ocrx_word' id='word_1_162' title='bbox 277 3161 385 3224; x_wconf 90' lang='lat' dir='ltr'><strong>mento</strong></span> <span class='ocrx_word' id='word_1_163' title='bbox 418 3180 478 3241; x_wconf 87' lang='lat' dir='ltr'><strong>pro</strong></span> <span class='ocrx_word' id='word_1_164' title='bbox 508 3158 682 3244; x_wconf 89' lang='lat' dir='ltr'><strong>glandibus</strong></span> <span class='ocrx_word' id='word_1_165' title='bbox 710 3162 891 3242; x_wconf 83' lang='lat' dir='ltr'><strong>uterentur,</strong></span> <span class='ocrx_word' id='word_1_166' title='bbox 923 3159 1076 3224; x_wconf 89' lang='lat' dir='ltr'><strong>Liberum</strong></span> <span class='ocrx_word' id='word_1_167' title='bbox 1105 3181 1182 3224; x_wconf 87' lang='lat' dir='ltr'><strong>nero</strong></span> <span class='ocrx_word' id='word_1_168' title='bbox 1210 3156 1289 3222; x_wconf 90' lang='lat' dir='ltr'><strong>uitis</strong></span> 
     </span>
     <span class='ocr_line' id='line_1_25' title="bbox 237 3246 1290 3331; baseline -0.004 -18"><span class='ocrx_word' id='word_1_169' title='bbox 237 3275 263 3314; x_wconf 75' lang='lat'><strong>25</strong></span> <span class='ocrx_word' id='word_1_170' title='bbox 278 3249 476 3331; x_wconf 84' lang='lat' dir='ltr'><strong>repertorem</strong></span> <span class='ocrx_word' id='word_1_171' title='bbox 499 3247 701 3331; x_wconf 86' lang='lat' dir='ltr'><strong>praestitisse</strong></span> <span class='ocrx_word' id='word_1_172' title='bbox 725 3247 865 3313; x_wconf 88' lang='lat' dir='ltr'><strong>humano</strong></span> <span class='ocrx_word' id='word_1_173' title='bbox 890 3249 983 3331; x_wconf 85' lang='lat' dir='ltr'><strong>potui</strong></span> <span class='ocrx_word' id='word_1_174' title='bbox 1002 3246 1115 3311; x_wconf 90' lang='lat' dir='ltr'><strong>uinum</strong></span> <span class='ocrx_word' id='word_1_175' title='bbox 1134 3247 1185 3312; x_wconf 89' lang='lat' dir='ltr'><strong>cui</strong></span> <span class='ocrx_word' id='word_1_176' title='bbox 1205 3269 1290 3331; x_wconf 85' lang='lat' dir='ltr'><strong>aqna</strong></span> 
     </span>
     <span class='ocr_line' id='line_1_26' title="bbox 276 3334 1291 3419; baseline 0 -21"><span class='ocrx_word' id='word_1_177' title='bbox 276 3334 516 3399; x_wconf 87' lang='lat' dir='ltr'><strong>admisceretur.</strong></span> <span class='ocrx_word' id='word_1_178' title='bbox 565 3357 622 3398; x_wconf 89' lang='lat' dir='ltr'><strong>cnr</strong></span> <span class='ocrx_word' id='word_1_179' title='bbox 654 3339 762 3399; x_wconf 87' lang='lat' dir='ltr'><strong>antem</strong></span> <span class='ocrx_word' id='word_1_180' title='bbox 791 3334 969 3400; x_wconf 84' lang='lat' dir='ltr'><strong>Acheloum</strong></span> <span class='ocrx_word' id='word_1_181' title='bbox 1000 3358 1130 3400; x_wconf 87' lang='lat' dir='ltr'><strong>amnem</strong></span> <span class='ocrx_word' id='word_1_182' title='bbox 1157 3334 1291 3419; x_wconf 88' lang='lat' dir='ltr'><strong>potissi-</strong></span> 
     </span>
     <span class='ocr_line' id='line_1_27' title="bbox 276 3420 1291 3507; baseline 0 -21"><span class='ocrx_word' id='word_1_183' title='bbox 276 3444 364 3486; x_wconf 88' lang='lat' dir='ltr'><strong>mum</strong></span> <span class='ocrx_word' id='word_1_184' title='bbox 383 3420 549 3507; x_wconf 86' lang='lat' dir='ltr'><strong>Vergilius</strong></span> <span class='ocrx_word' id='word_1_185' title='bbox 574 3444 645 3486; x_wconf 90' lang='lat' dir='ltr'><strong>cnm</strong></span> <span class='ocrx_word' id='word_1_186' title='bbox 666 3444 782 3506; x_wconf 88' lang='lat' dir='ltr'><strong>aquarn</strong></span> <span class='ocrx_word' id='word_1_187' title='bbox 802 3423 903 3488; x_wconf 92' lang='lat' dir='ltr'><strong>uellet</strong></span> <span class='ocrx_word' id='word_1_188' title='bbox 920 3423 1078 3507; x_wconf 81' lang='lat' dir='ltr'><strong>intellegi,</strong></span> <span class='ocrx_word' id='word_1_189' title='bbox 1102 3423 1291 3504; x_wconf 86' lang='lat' dir='ltr'><strong>nominarit,</strong></span> 
     </span>
     <span class='ocr_line' id='line_1_28' title="bbox 275 3509 1290 3595; baseline 0 -21"><span class='ocrx_word' id='word_1_190' title='bbox 275 3531 370 3575; x_wconf 87' lang='lat' dir='ltr'><strong>nemo</strong></span> <span class='ocrx_word' id='word_1_191' title='bbox 399 3509 451 3574; x_wconf 87' lang='lat' dir='ltr'><strong>uel</strong></span> <span class='ocrx_word' id='word_1_192' title='bbox 480 3511 608 3595; x_wconf 87' lang='lat' dir='ltr'><strong>quaerit</strong></span> <span class='ocrx_word' id='word_1_193' title='bbox 636 3512 688 3574; x_wconf 90' lang='lat' dir='ltr'><strong>uel</strong></span> <span class='ocrx_word' id='word_1_194' title='bbox 716 3510 849 3576; x_wconf 91' lang='lat' dir='ltr'><strong>omnino</strong></span> <span class='ocrx_word' id='word_1_195' title='bbox 879 3513 1011 3575; x_wconf 86' lang='lat' dir='ltr'><strong>subesse</strong></span> <span class='ocrx_word' id='word_1_196' title='bbox 1035 3511 1160 3595; x_wconf 89' lang='lat' dir='ltr'><strong>aliquid</strong></span> <span class='ocrx_word' id='word_1_197' title='bbox 1184 3509 1290 3574; x_wconf 89' lang='lat' dir='ltr'><strong>erudi-</strong></span> 
     </span>
     <span class='ocr_line' id='line_1_29' title="bbox 277 3597 1322 3681; baseline 0.004 -18"><span class='ocrx_word' id='word_1_198' title='bbox 277 3598 375 3663; x_wconf 91' lang='lat' dir='ltr'><strong>tionis</strong></span> <span class='ocrx_word' id='word_1_199' title='bbox 401 3599 595 3681; x_wconf 87' lang='lat' dir='ltr'><strong>suspicatur.</strong></span> <span class='ocrx_word' id='word_1_200' title='bbox 641 3620 701 3664; x_wconf 89' lang='lat' dir='ltr'><strong>nos</strong></span> <span class='ocrx_word' id='word_1_201' title='bbox 725 3598 757 3663; x_wconf 93' lang='lat' dir='ltr'><strong>id</strong></span> <span class='ocrx_word' id='word_1_202' title='bbox 782 3600 877 3664; x_wconf 87' lang='lat' dir='ltr'><strong>altius</strong></span> <span class='ocrx_word' id='word_1_203' title='bbox 902 3600 1036 3664; x_wconf 86' lang='lat' dir='ltr'><strong>scrutati</strong></span> <span class='ocrx_word' id='word_1_204' title='bbox 1061 3597 1322 3667; x_wconf 81' lang='lat' dir='ltr'><strong>animaduerti-4</strong></span> 
     </span>
     <span class='ocr_line' id='line_1_30' title="bbox 237 3687 1290 3774; baseline -0.004 -19"><span class='ocrx_word' id='word_1_205' title='bbox 237 3714 265 3755; x_wconf 87' lang='lat' dir='ltr'><strong>so</strong></span> <span class='ocrx_word' id='word_1_206' title='bbox 278 3709 350 3751; x_wconf 89' lang='lat' dir='ltr'><strong>mus</strong></span> <span class='ocrx_word' id='word_1_207' title='bbox 368 3687 499 3753; x_wconf 91' lang='lat' dir='ltr'><strong>doctum</strong></span> <span class='ocrx_word' id='word_1_208' title='bbox 514 3690 645 3771; x_wconf 86' lang='lat' dir='ltr'><strong>poet-arn</strong></span> <span class='ocrx_word' id='word_1_209' title='bbox 662 3687 962 3774; x_wconf 77' lang='lat' dir='ltr'><strong>antiquissimorum</strong></span> <span class='ocrx_word' id='word_1_210' title='bbox 978 3688 1176 3753; x_wconf 87' lang='lat' dir='ltr'><strong>Graecorum</strong></span> <span class='ocrx_word' id='word_1_211' title='bbox 1191 3710 1290 3769; x_wconf 90' lang='lat' dir='ltr'><strong>more,</strong></span> 
     </span>
     <span class='ocr_line' id='line_1_31' title="bbox 278 3774 1289 3862; baseline -0.001 -21"><span class='ocrx_word' id='word_1_212' title='bbox 278 3777 362 3841; x_wconf 87' lang='lat' dir='ltr'><strong>sieut</strong></span> <span class='ocrx_word' id='word_1_213' title='bbox 385 3775 515 3841; x_wconf 91' lang='lat' dir='ltr'><strong>docebit</strong></span> <span class='ocrx_word' id='word_1_214' title='bbox 537 3775 726 3855; x_wconf 88' lang='lat' dir='ltr'><strong>auctoritas,</strong></span> <span class='ocrx_word' id='word_1_215' title='bbox 749 3776 920 3862; x_wconf 89' lang='lat' dir='ltr'><strong>elocutum,</strong></span> <span class='ocrx_word' id='word_1_216' title='bbox 944 3776 1030 3861; x_wconf 89' lang='lat' dir='ltr'><strong>apud</strong></span> <span class='ocrx_word' id='word_1_217' title='bbox 1053 3798 1136 3862; x_wconf 87' lang='lat' dir='ltr'><strong>qnos</strong></span> <span class='ocrx_word' id='word_1_218' title='bbox 1160 3774 1289 3861; x_wconf 91' lang='lat' dir='ltr'><strong>proprie</strong></span> 
     </span>
    </p>
   </div>
   <div class='ocr_carea' id='block_1_7' title="bbox 349 3968 1251 4041">
    <p class='ocr_par' dir='ltr' id='par_1_7' title="bbox 349 3968 1251 4041">
     <span class='ocr_line' id='line_1_32' title="bbox 349 3968 1251 4041; baseline 0.001 -18"><span class='ocrx_word' id='word_1_219' title='bbox 349 3974 362 4023; x_wconf 93' lang='lat'>1</span> <span class='ocrx_word' id='word_1_220' title='bbox 383 3968 471 4038; x_wconf 82' lang='lat' dir='ltr'><strong>eclog.</strong></span> <span class='ocrx_word' id='word_1_221' title='bbox 491 3968 542 4023; x_wconf 91' lang='lat' dir='ltr'><strong>llll</strong></span> <span class='ocrx_word' id='word_1_222' title='bbox 563 3974 596 4024; x_wconf 78' lang='grc'><strong>57</strong></span> <span class='ocrx_word' id='word_1_223' title='bbox 648 3976 664 4024; x_wconf 81' lang='grc'>3</span> <span class='ocrx_word' id='word_1_224' title='bbox 684 3968 753 4024; x_wconf 84' lang='lat' dir='ltr'><strong>Aen.</strong></span> <span class='ocrx_word' id='word_1_225' title='bbox 772 3969 811 4025; x_wconf 87' lang='lat' dir='ltr'><strong>Xl</strong></span> <span class='ocrx_word' id='word_1_226' title='bbox 830 3976 882 4027; x_wconf 79' lang='lat' dir='ltr'><strong>als</strong></span> <span class='ocrx_word' id='word_1_227' title='bbox 935 3976 967 4026; x_wconf 77' lang='lat'><strong>18</strong></span> <span class='ocrx_word' id='word_1_228' title='bbox 985 3970 1069 4041; x_wconf 85' lang='lat' dir='ltr'><strong>Verg.</strong></span> <span class='ocrx_word' id='word_1_229' title='bbox 1089 3969 1216 4040; x_wconf 85' lang='lat' dir='ltr'><strong>Georg.l</strong></span> <span class='ocrx_word' id='word_1_230' title='bbox 1237 3975 1251 4024; x_wconf 83' lang='grc'><strong>7</strong></span> 
     </span>
    </p>
   </div>
   <div class='ocr_carea' id='block_1_8' title="bbox 278 4143 1292 4285">
    <p class='ocr_par' dir='ltr' id='par_1_8' title="bbox 278 4143 1292 4285">
     <span class='ocr_line' id='line_1_33' title="bbox 349 4143 1292 4218; baseline -0.002 -17"><span class='ocrx_word' id='word_1_231' title='bbox 349 4153 364 4201; x_wconf 79' lang='grc'>5</span> <span class='ocrx_word' id='word_1_232' title='bbox 388 4153 421 4201; x_wconf 86' lang='lat' dir='ltr'><strong>er&#39;r</strong></span> <span class='ocrx_word' id='word_1_233' title='bbox 449 4163 499 4201; x_wconf 87' lang='lat' dir='ltr'><strong>om.</strong></span> <span class='ocrx_word' id='word_1_234' title='bbox 526 4143 562 4199; x_wconf 85' lang='lat' dir='ltr'><strong>P&#39;</strong></span> <span class='ocrx_word' id='word_1_235' title='bbox 672 4153 688 4202; x_wconf 81' lang='grc' dir='ltr'>Β</span> <span class='ocrx_word' id='word_1_236' title='bbox 711 4148 842 4215; x_wconf 76' lang='lat' dir='ltr'><strong>figurans</strong></span> <span class='ocrx_word' id='word_1_237' title='bbox 871 4148 1043 4218; x_wconf 64' lang='lat' dir='ltr'><strong>Cantabria:</strong></span> <span class='ocrx_word' id='word_1_238' title='bbox 1068 4146 1239 4218; x_wconf 84' lang='lat' dir='ltr'><strong>hgnrheatro</strong></span> <span class='ocrx_word' id='word_1_239' title='bbox 1264 4146 1292 4199; x_wconf 91' lang='lat' dir='ltr'><strong><em>P</em></strong></span> 
     </span>
     <span class='ocr_line' id='line_1_34' title="bbox 278 4215 777 4285; baseline 0.004 -15"><span class='ocrx_word' id='word_1_240' title='bbox 278 4223 312 4270; x_wconf 76' lang='lat'><strong>20</strong></span> <span class='ocrx_word' id='word_1_241' title='bbox 330 4216 428 4273; x_wconf 86' lang='lat' dir='ltr'><strong>rnurtrl</strong></span> <span class='ocrx_word' id='word_1_242' title='bbox 442 4215 480 4270; x_wconf 86' lang='lat' dir='ltr'><strong>P&#39;</strong></span> <span class='ocrx_word' id='word_1_243' title='bbox 537 4223 567 4270; x_wconf 77' lang='lat'><strong>31</strong></span> <span class='ocrx_word' id='word_1_244' title='bbox 590 4217 727 4285; x_wconf 77' lang='lat' dir='ltr'><strong>eloquurt</strong></span> <span class='ocrx_word' id='word_1_245' title='bbox 749 4218 777 4272; x_wconf 75' lang='lat'><strong>1&gt;</strong></span> 
     </span>
    </p>
   </div>
   <div class='ocr_carea' id='block_1_9' title="bbox 0 0 1672 5190">
    <p class='ocr_par' dir='ltr' id='par_1_9' title="bbox 0 0 1672 5190">
     <span class='ocr_line' id='line_1_35' title="bbox 0 0 1672 5190; baseline 0 0"><span class='ocrx_word' id='word_1_246' title='bbox 0 0 1672 5190; x_wconf 95' lang='lat' dir='ltr'><strong> </strong></span> 
     </span>
    </p>
   </div>
  </div>
 </body>
</html>
