3322 5190
595 845 648 900 ΧΗ
664 852 769 901 ao-ar
1128 850 1194 917 453

177 1009 406 1094 euaporatio
431 1008 555 1074 solum
579 1009 617 1073 in
641 1029 739 1095 aqua
761 1009 918 1075 salubre
941 1013 1192 1098 consumpsit.

177 1099 234 1163 uix
257 1118 345 1183 ergo,
368 1118 451 1183 quae
469 1096 552 1161 nihil
571 1095 658 1162 aliud
678 1102 728 1162 cst
747 1119 844 1181 quam
867 1121 952 1184 aqua
969 1100 1005 1165 in
1024 1122 1097 1166 aere
1117 1100 1245 1170 den-27

178 1188 261 1265 sela,
283 1186 476 1251 tenuitatem
501 1184 564 1267 sui,
587 1206 661 1250 cum
683 1185 884 1268 densaretur,
912 1187 1036 1273 amisit,
1064 1192 1097 1255 et
1119 1190 1192 1257 ideo

178 1296 218 1341 ex
236 1272 304 1341 eius
324 1273 485 1339 resolutae
503 1278 582 1359 potu
601 1274 731 1339 diuersa
750 1275 939 1340 morborum
954 1297 1075 1362 genera
1088 1278 1192 1346 uisce-

151 1365 268 1432 sribus
294 1361 550 1428 inseminantur.'

267 1452 496 1519 ‘Nominatum
525 1451 599 1538 gelu
628 1452 761 1538 ueteris,
790 1474 872 1538 quae
896 1475 948 1519 me
971 1454 1101 1521 solebat
1123 1456 1188 1542 agi·
1203 1459 1246 1524 28

178 1546 262 1628 tare,
293 1542 461 1608 admonuit
493 1540 707 1626 quaestionis,
741 1563 798 1608 cur
826 1542 903 1608 uina
929 1546 988 1610 aut
1014 1566 1192 1632 numquam
1244 1547 1247 1553 ’

177 1635 235 1698 out
271 1635 417 1698 rarenter
454 1630 686 1716 congelascent
723 1630 839 1696 ceteris
874 1653 912 1696 ex
945 1653 1065 1719 magna
1097 1639 1192 1720 perte

176 1721 367 1788 humoribus
395 1719 562 1785 nimietate
585 1719 719 1805 frigoris
743 1719 816 1805 cogi
840 1720 969 1786 solitis?
1014 1744 1091 1787 num
1116 1723 1193 1808 quia

139 1809 287 1876 rouinum
317 1810 441 1874 semina
463 1808 621 1893 quaedam
645 1808 679 1872 in
703 1830 738 1873 se
760 1808 879 1874 caloris
902 1809 1003 1876 habet
1029 1847 1066 1859 -
1092 1816 1127 1876 et
1149 1812 1192 1877 ob

178 1922 250 1965 eam
278 1921 347 1963 rem
375 1898 536 1964 Homerus
564 1897 646 1963 dixit
673 1901 800 1963 αἴθοπα
827 1892 924 1963 οἶνον
951 1920 1031 1982 non,
1057 1903 1096 1965 ut
1122 1901 1192 1985 qni-

179 1988 252 2053 dam
284 1991 415 2072 putant,
447 1990 580 2071 propter
611 1986 751 2051 colorem
779 2022 823 2032 -
851 2009 893 2051 an
928 1986 994 2053 alia
1021 1990 1191 2073 quaepiam

178 2098 276 2143 causa
299 2076 371 2141 est?
418 2097 516 2159 quam
541 2074 617 2160 quia
639 2074 754 2160 ignoro
778 2075 860 2139 scire
884 2074 1000 2160 cupio?

268 2162 320 2228 Ad
343 2163 422 2228 hoec
448 2162 595 2226 Disarius
619 2161 715 2243 ‘esto,
738 2161 816 2225 uina
839 2164 982 2227 naturali
1004 2163 1244 2232 muniantur29

140 2269 165 2311 aa
179 2252 299 2336 colore,
322 2252 471 2315 elenmne
495 2249 601 2313 minus
625 2249 765 2334 ignitum
789 2253 839 2313 est
861 2254 917 2315 aut
939 2252 1099 2315 minorem
1123 2252 1191 2316 uim

180 2341 211 2405 in
246 2340 436 2425 corporibus
468 2337 698 2402 calefactanclis
732 2337 853 2402 habet?
903 2341 937 2404 et
969 2342 1080 2404 tamen
1114 2341 1191 2425 gelu

179 2429 358 2511 stringitur.
413 2431 498 2493 corle
530 2427 558 2491 si
590 2430 686 2513 putas
719 2448 771 2508 ea,
804 2449 887 2511 qnae
919 2428 1075 2494 calidiora
1107 2433 1191 2515 sunt,

179 2519 342 2586 difficilius
362 2518 598 2603 congelascere,
621 2537 804 2603 congruens
824 2521 894 2582 erat
911 2540 970 2584 nec
990 2519 1097 2584 oleum
1115 2540 1190 2584 eon-

179 2631 321 2674 crescere
344 2611 378 2674 et
400 2629 450 2688 ea,
478 2629 560 2692 quae
584 2605 753 2691 frigidiora
776 2610 866 2690 sunt,
889 2607 984 2672 facile
1007 2608 1081 2692 gelu
1105 2608 1190 2694 cogi,

138 2716 166 2758 ro
179 2701 305 2764 acetum
329 2700 437 2761 autem
456 2696 599 2760 omnium
624 2694 763 2759 maxime
781 2694 993 2780 frigorificum
1013 2699 1071 2779 est,
1094 2699 1190 2781 atque

178 2786 210 2850 id
234 2790 342 2852 tamen
363 2806 539 2868 numquam
559 2784 634 2867 gelu
654 2783 833 2869 stringitur.
869 2806 947 2848 num
966 2784 1067 2869 igitur
1085 2784 1189 2886 magis
1201 2788 1245 2854 30

179 2873 250 2939 oleo
279 2895 377 2938 causa
406 2876 456 2936 est
482 2872 609 2955 coaguli
638 2871 816 2953 celerioris,
845 2872 930 2954 quod
960 2874 992 2935 et
1015 2872 1189 2957 lenigatrus

178 2963 211 3024 et
238 2960 374 3045 spissius
402 2959 473 3025 est?
520 2957 670 3024 faciliora
697 2958 781 3022 enim
811 2958 851 3023 ad
879 2958 1058 3024 coeundum
1082 2958 1191 3024 triden-

178 3054 241 3133 tur,
264 3071 347 3133 qnne
371 3047 529 3113 lanatiore
553 3047 764 3132 slerrsioraque
787 3050 873 3131 sunt,
896 3047 972 3112 nine
997 3051 1191 3113 autemnon

138 3138 340 3223 ”contingit
366 3139 461 3202 tanta
489 3136 660 3218 mollities,
688 3144 721 3200 ot
747 3140 798 3202 cst
826 3159 921 3222 quam
951 3136 1058 3202 oleum
1087 3136 1191 3201 multo

179 3226 341 3312 liquidius,
360 3228 487 3291 acetum
500 3247 578 3291 uero
594 3229 627 3290 ct
640 3224 889 3310 liquidissimum
905 3229 956 3289 est
969 3225 1053 3289 inter
1068 3228 1192 3291 ceteros

178 3315 341 3398 humores,
360 3318 394 3378 et
412 3317 506 3378 tanto
527 3316 578 3378 eet
596 3314 752 3398 acerbius,
774 3317 811 3378 ut
829 3313 874 3379 sit
892 3334 986 3379 acore
1004 3313 1191 3379 tristificum

157 3406 212 3480 ¹et
235 3403 381 3489 exemplo
406 3403 552 3467 marinae
577 3423 694 3487 aquae,
721 3424 804 3488 quae
827 3402 900 3487 ipsa
923 3423 1051 3488 quoque
1075 3403 1192 3466 amari-

178 3493 289 3559 tudine
327 3492 376 3558 sui
415 3513 530 3578 aspera
567 3494 630 3574 cst,
665 3513 841 3576 numquam
875 3491 949 3576 gelu
982 3491 1192 3557 contrahitur.

138 3598 254 3648 vonam
282 3582 367 3668 quod
395 3581 616 3648 Hanooouvs
644 3597 884 3647 nlsnomnnvn
915 3580 1055 3666 scriptor
1078 3584 1245 3650 contra3l

180 3672 323 3738 omnium
361 3671 475 3752 ferme,
518 3670 574 3754 qui
610 3669 690 3734 baec
727 3671 970 3753 quaesiuerunt,
1008 3669 1195 3754 opinionem

180 3760 310 3842 scripsit
338 3780 440 3822 ruere
464 3757 730 3841 Bosporicum,
759 3758 860 3842 quod
888 3762 926 3822 et
948 3757 1192 3823 Cimmerium

250 3930 284 3979 80
304 3923 355 3977 llll
374 3928 409 3977 28

179 4018 392 4029 .-.---—·—-

251 4074 462 4147 lsrefoluth
513 4078 544 4127 11
561 4074 695 4128 ΛΙΘΟΠΔ
713 4073 740 4127 Ρ
793 4077 825 4125 12
837 4072 969 4128 caloreP
1022 4032 1194 4130 lboleumoe

178 4148 290 4216 scripsi.-
308 4162 343 4201 ne
363 4145 456 4200 oleum
477 4145 505 4199 P
560 4150 593 4198 22
614 4143 637 4198 c
655 4143 730 4213 quod
749 4142 772 4197 ta
792 4141 829 4197 P'
893 4148 925 4198 81
947 4160 1002 4216 que
1022 4142 1196 4201 fluctuatio

179 4235 227 4275 ros
245 4219 276 4273 ia
295 4217 322 4271 P
373 4222 407 4270 82
425 4214 562 4270 bollonor'r
584 4214 611 4268 P
662 4219 777 4271 ermenr'r
797 4213 826 4268 P
