3442 5190
733 837 761 892 11
779 843 867 892 o-eo
895 836 934 892 111
954 844 968 893 1
1335 841 1356 906 9

343 1002 466 1083 turum,
494 1021 566 1064 cum
593 997 723 1065 Vettius
751 997 977 1066 Praetextatus
1005 1000 1091 1066 dorni
1120 1001 1294 1068 conuenire
1322 1025 1356 1069 se

344 1089 558 1177 gestientibus
595 1088 722 1173 copiam
760 1089 898 1174 faceret,
935 1111 973 1155 eo
1009 1094 1172 1157 uenerunt
1205 1091 1356 1158 Aurelius

344 1179 553 1263 Symmachus
573 1181 607 1243 et
625 1177 765 1244 Caecina
781 1177 928 1260 Albinus,
947 1201 1020 1245 cum
1039 1183 1146 1246 aetate
1165 1184 1236 1246 tum
1256 1181 1356 1247 etism

344 1268 488 1333 moribus
516 1289 554 1333 ac
582 1266 698 1333 studiis
725 1266 811 1334 iuter
834 1290 869 1332 se
892 1268 1159 1334 coniunctissimi.
1201 1269 1262 1334 hos
1286 1268 1357 1336 Ser·

318 1356 415 1422 auius
429 1356 514 1422 inter
524 1355 757 1443 grammaticos
766 1355 933 1423 doctorem
947 1379 1059 1422 recens
1074 1357 1252 1442 professus,
1265 1358 1357 1422 iuxta

344 1446 490 1512 ‹locuiua
513 1445 673 1512 mirabilis
698 1447 731 1510 et
753 1446 905 1511 amabilis
929 1447 1134 1533 uerecundia,
1161 1451 1283 1513 terram
1307 1448 1355 1512 in·

344 1540 437 1602 tuens
465 1540 498 1601 et
524 1536 616 1602 uelut
642 1536 759 1602 latenti
787 1536 903 1602 similis
927 1538 1131 1621 sequebatur.
1177 1559 1259 1623 quos
1283 1559 1355 1602 cum
1370 1535 1408 1601 lu

345 1626 522 1709 aspexisset
540 1625 734 1711 obuiamque
753 1627 968 1708 processisset
985 1649 1023 1691 ac
1041 1626 1217 1711 perblanda
1236 1627 1356 1691 saluta·

344 1714 446 1778 uisset
483 1735 658 1779 conuersus
681 1713 722 1777 ad
745 1713 879 1779 Furium
902 1714 1074 1795 Albinum,
1102 1715 1158 1799 qui
1181 1719 1250 1779 tum
1273 1715 1357 1779 sorte

306 1823 415 1867 iocum
439 1802 566 1867 Aniene
590 1802 715 1868 aderat:
743 1800 860 1867 ‘uisne'
884 1803 933 1867 ait
955 1801 1013 1867 ‘rni
1035 1802 1168 1886 Albine,
1195 1825 1268 1867 cum
1297 1802 1357 1882 his,

345 1912 423 1975 quos
452 1891 623 1956 aduenisse
646 1895 863 1975 peroportune
886 1891 989 1974 uides,
1019 1912 1163 1977 quosque
1186 1891 1256 1956 iure
1279 1891 1357 1955 ciui·

345 1979 422 2043 tatis
440 1982 572 2044 nostrae
591 1978 715 2043 lumina
733 1979 918 2062 dixerimus,
941 2002 1012 2044 eam
1032 2001 1109 2062 rern,
1133 1979 1171 2044 de
1191 1979 1358 2063 quainter

345 2087 403 2130 uos
429 2068 518 2131 nasci
545 2070 696 2149 coeperat
724 2088 844 2152 sermo,
876 2068 1183 2133 communicemus?’
1234 2066 1356 2151 ‘quidni

346 2155 483 2219 maxime
510 2154 641 2219 nurma’
687 2153 827 2219 Albinus
855 2154 961 2239 inquit
984 2154 1055 2220 ‘nee
1084 2156 1168 2219 enim
1196 2155 1264 2219 uus
1293 2135 1409 2219 aliall

307 2264 332 2303 ra
346 2241 384 2305 de
407 2264 440 2306 re
465 2264 561 2326 quam
581 2242 744 2306 dedoctis
764 2241 1007 2326 quaestionibus
1026 2243 1169 2327 colloqui
1188 2245 1245 2306 aut
1262 2241 1356 2306 nobis

347 2331 404 2393 aut
425 2329 477 2394 his
501 2333 611 2413 potest
634 2351 704 2393 esse
727 2329 919 2395 iucundius?
964 2352 1102 2415 cumque
1125 2329 1356 2411 consedissent,
1369 2310 1410 2374 13

348 2422 414 2482 tum
435 2418 574 2482 Caecina
592 2416 758 2503 ‘quidnam
777 2417 810 2482 id
830 2418 882 2502 sit,
904 2419 948 2482 nri
969 2418 1185 2501 Praetentate,
1207 2420 1357 2483 tametsi

349 2505 452 2570 adhuc
483 2507 605 2590 nescio,
637 2505 786 2572 dubitare
817 2509 927 2572 tamen
953 2529 1019 2572 nou
1047 2506 1147 2572 debeo
1175 2527 1246 2571 esse
1274 2506 1358 2572 scitu

349 2594 519 2679 optimum,
544 2616 616 2661 eum
639 2599 673 2659 et
695 2595 790 2660 uobis
813 2595 852 2659 ad
877 2594 1125 2679 colloquendam
1148 2616 1280 2659 causam
1304 2594 1357 2659 ad·

309 2684 459 2752 sstulerit
485 2688 518 2748 et
544 2705 603 2748 nos
631 2685 698 2749 eius
727 2705 798 2748 esse
823 2686 970 2769 expertes
993 2706 1059 2749 non
1083 2682 1220 2748 sinatis?
1267 2681 1410 2768 atquilil

348 2773 430 2838 scias
453 2775 582 2855 oportet
605 2794 677 2837 eum
701 2773 870 2837 internos
894 2794 1074 2837 sermonem
1093 2773 1203 2856 luisse,
1225 2776 1263 2837 ut
1281 2796 1357 2858 quo·

349 2861 434 2925 niam
453 2861 520 2925 dies
538 2862 697 2926 crastinus
717 2860 810 2926 festis
825 2859 966 2926 Saturno
981 2860 1098 2926 dicatis
1113 2861 1242 2926 initium
1256 2863 1358 2944 dabit,

348 2949 474 3035 quando
505 2948 689 3014 Saturnalia
721 2949 862 3034 incipere
894 2949 1053 3034 dicamus,
1084 2949 1117 3013 id
1149 2953 1200 3015 est
1231 2951 1359 3035 quando

347 3038 522 3104 erastinum
546 3038 629 3103 diem
653 3038 782 3103 initium
807 3061 932 3104 sumere
956 3038 1185 3104 existimemus.
1221 3044 1254 3105 et
1272 3038 1411 3105 inter20

307 3149 333 3190 ss
347 3150 405 3193 uos
428 3127 559 3213 quidem
582 3150 684 3213 parua
707 3128 865 3213 quaedam
889 3129 927 3193 de
950 3128 1013 3195 bac
1036 3127 1254 3213 disputatione
1278 3129 1358 3194 liba-

347 3217 464 3281 uimus:
488 3238 600 3281 uerum
624 3217 701 3302 quia
723 3221 755 3282 te
778 3217 934 3302 quidquid
958 3217 1102 3283 inlibris
1123 3217 1359 3283 latetinuesti-

347 3326 424 3390 gare
456 3306 564 3370 notius
598 3312 661 3388 est,
693 3327 790 3391 quam
822 3310 860 3370 ut
892 3329 950 3390 per
981 3307 1209 3371 uerecundiam
1239 3328 1360 3392 negare

347 3394 461 3478 possis,
479 3415 595 3479 pergas
614 3395 690 3459 uolo
704 3396 739 3459 in
754 3393 894 3460 medinm
910 3394 1053 3479 prolerre
1068 3394 1220 3480 quicquid
1235 3394 1273 3460 de
1289 3395 1359 3472 hoc,

348 3483 433 3567 quod
463 3482 663 3568 quaerimus,
689 3482 838 3548 edoctum
861 3484 923 3549 tibi
947 3484 1278 3569 comprehensumque
1302 3486 1360 3550 est.

308 3575 335 3615 ³⁰
436 3570 519 3636 Turn
547 3570 687 3638 Caecina
715 3571 799 3636 ‘cum
833 3572 927 3637 uobis
959 3574 1015 3656 qui
1042 3593 1094 3636 me
1121 3574 1155 3637 iu
1183 3573 1268 3637 hunc
1295 3573 1412 3639 ser-Ill

420 3768 432 3815 1
454 3743 557 3816 alteras
574 3762 602 3815 P
658 3776 807 3816 conuenire
822 3762 1029 3830 segestrentrba
1050 3761 1079 3813 P
1139 3760 1321 3815 atimachul'
1334 3761 1363 3814 P

348 3830 508 3917 audatiam
535 3831 564 3884 P
636 3838 652 3885 6
676 3832 806 3886 doctrina
833 3831 1084 3902 &amatripieass'ss
1112 3830 1269 3884 doctrruam
1302 3831 1364 3884 BP

348 3927 364 3975 1
387 3920 470 4006 mirqr
489 3919 550 3974 BP
570 3923 675 3984 (ueram
692 3934 792 3973 mmsis
810 3919 880 3973 alibi
901 3919 1030 3974 inlibris
1048 3923 1100 3973 est:
1121 3918 1156 3984 cs.
1175 3919 1271 3984 indes)
1327 3923 1359 3971 11

349 3993 464 4046 ἀιιθτιιιι
485 3990 512 4042 P
566 3995 599 4042 18
617 3989 669 4042 nol
683 3990 830 4042 inruaia
847 3989 874 4042 P
926 3991 1041 4059 operat
1057 3990 1085 4041 P
1139 3994 1172 4042 15
1186 3989 1360 4058 colloqmpB

349 4062 399 4140 aut
419 4057 465 4116 lui
484 4061 533 4114 aut
550 4059 631 4115 nobil
645 4059 674 4112 P
731 4066 763 4113 19
783 4060 940 4128 attulerit(
1037 4064 1070 4113 11
1091 4076 1123 4113 su
1160 4077 1178 4113 a
1197 4058 1277 4113 tuille
1296 4059 1359 4113 add.

349 4131 404 4203 Pgt
421 4129 540 4202 purae·
564 4130 603 4185 P'
656 4146 716 4200 sap.
739 4131 859 4199 qinodd.
884 4131 969 4200 rqub
1024 4136 1058 4184 11
1083 4147 1115 4186 ca
1142 4148 1219 4184 inum
1238 4127 1271 4183 Ρ
1327 4134 1360 4182 11

350 4201 648 4272 compraehensumqus
665 4202 693 4254 B
