<?xml version="1.0" encoding="UTF-8"?>
<!DOCTYPE html PUBLIC "-//W3C//DTD XHTML 1.0 Transitional//EN"
    "http://www.w3.org/TR/xhtml1/DTD/xhtml1-transitional.dtd">
<html xmlns="http://www.w3.org/1999/xhtml" xml:lang="en" lang="en">
 <head>
  <title>
</title>
<meta http-equiv="Content-Type" content="text/html;charset=utf-8" />
  <meta name='ocr-system' content='tesseract 3.04.00' />
  <meta name='ocr-capabilities' content='ocr_page ocr_carea ocr_par ocr_line ocrx_word'/>
</head>
<body>
  <div class='ocr_page' id='page_1' title='image "./macrobius00cicegoog_0671.png"; bbox 0 0 3322 5190; ppageno 0'>
   <div class='ocr_carea' id='block_1_1' title="bbox 558 1762 1033 1850">
    <p class='ocr_par' dir='ltr' id='par_1_1' title="bbox 558 1762 1033 1850">
     <span class='ocr_line' id='line_1_1' title="bbox 558 1762 1033 1850; baseline -0.004 0"><span class='ocrx_word' id='word_1_1' title='bbox 558 1763 777 1850; x_wconf 79' lang='lat' dir='ltr'><strong>Stllssllllll</strong></span> <span class='ocrx_word' id='word_1_2' title='bbox 804 1762 1033 1849; x_wconf 72' lang='lat' dir='ltr'><strong>solemius</strong></span> 
     </span>
    </p>
   </div>
   <div class='ocr_carea' id='block_1_2' title="bbox 253 1922 1353 3346">
    <p class='ocr_par' dir='ltr' id='par_1_2' title="bbox 253 1922 1353 3346">
     <span class='ocr_line' id='line_1_2' title="bbox 377 1922 1334 1994; baseline -0.001 -1"><span class='ocrx_word' id='word_1_3' title='bbox 377 1927 458 1994; x_wconf 82' lang='lat' dir='ltr'><strong>Cum</strong></span> <span class='ocrx_word' id='word_1_4' title='bbox 493 1927 525 1992; x_wconf 93' lang='lat' dir='ltr'><strong>in</strong></span> <span class='ocrx_word' id='word_1_5' title='bbox 555 1926 699 1992; x_wconf 83' lang='lat' dir='ltr'><strong>Africam</strong></span> <span class='ocrx_word' id='word_1_6' title='bbox 727 1926 889 1991; x_wconf 89' lang='lat' dir='ltr'><strong>uenissem</strong></span> <span class='ocrx_word' id='word_1_7' title='bbox 917 1922 978 1989; x_wconf 88' lang='grc' dir='ltr'><strong>Μ’.</strong></span> <span class='ocrx_word' id='word_1_8' title='bbox 1006 1924 1142 1991; x_wconf 88' lang='lat' dir='ltr'><strong>Manilio</strong></span> <span class='ocrx_word' id='word_1_9' title='bbox 1169 1924 1334 1993; x_wconf 87' lang='lat' dir='ltr'><strong>consuleI</strong></span> 
     </span>
     <span class='ocr_line' id='line_1_3' title="bbox 288 2012 1303 2102; baseline -0.002 -21"><span class='ocrx_word' id='word_1_10' title='bbox 288 2016 330 2082; x_wconf 91' lang='lat' dir='ltr'><strong>ad</strong></span> <span class='ocrx_word' id='word_1_11' title='bbox 367 2019 515 2102; x_wconf 86' lang='lat' dir='ltr'><strong>quartam</strong></span> <span class='ocrx_word' id='word_1_12' title='bbox 548 2015 708 2100; x_wconf 80' lang='lat' dir='ltr'>legionem</span> <span class='ocrx_word' id='word_1_13' title='bbox 742 2013 910 2098; x_wconf 86' lang='lat' dir='ltr'><strong>tribunos,</strong></span> <span class='ocrx_word' id='word_1_14' title='bbox 946 2015 984 2077; x_wconf 87' lang='lat' dir='ltr'><strong>nt</strong></span> <span class='ocrx_word' id='word_1_15' title='bbox 1012 2012 1119 2094; x_wconf 89' lang='lat' dir='ltr'><strong>scitis,</strong></span> <span class='ocrx_word' id='word_1_16' title='bbox 1149 2013 1303 2098; x_wconf 90' lang='lat' dir='ltr'><strong>militnm,</strong></span> 
     </span>
     <span class='ocr_line' id='line_1_4' title="bbox 289 2099 1302 2188; baseline -0.004 -18"><span class='ocrx_word' id='word_1_17' title='bbox 289 2105 369 2170; x_wconf 92' lang='lat' dir='ltr'><strong>nihil</strong></span> <span class='ocrx_word' id='word_1_18' title='bbox 392 2103 472 2169; x_wconf 90' lang='lat' dir='ltr'><strong>mihi</strong></span> <span class='ocrx_word' id='word_1_19' title='bbox 501 2102 563 2168; x_wconf 83' lang='lat' dir='ltr'><strong>luit</strong></span> <span class='ocrx_word' id='word_1_20' title='bbox 586 2104 708 2188; x_wconf 84' lang='lat' dir='ltr'><strong>potius,</strong></span> <span class='ocrx_word' id='word_1_21' title='bbox 735 2124 834 2187; x_wconf 88' lang='lat' dir='ltr'><strong>quam</strong></span> <span class='ocrx_word' id='word_1_22' title='bbox 862 2105 899 2166; x_wconf 91' lang='lat' dir='ltr'><strong>ut</strong></span> <span class='ocrx_word' id='word_1_23' title='bbox 922 2099 1129 2165; x_wconf 78' lang='lat' dir='ltr'><strong>Masinissam</strong></span> <span class='ocrx_word' id='word_1_24' title='bbox 1152 2100 1302 2167; x_wconf 90' lang='lat' dir='ltr'><strong>conueni-</strong></span> 
     </span>
     <span class='ocr_line' id='line_1_5' title="bbox 290 2187 1304 2277; baseline -0.003 -20"><span class='ocrx_word' id='word_1_25' title='bbox 290 2216 358 2257; x_wconf 88' lang='lat' dir='ltr'><strong>rem</strong></span> <span class='ocrx_word' id='word_1_26' title='bbox 382 2213 491 2277; x_wconf 81' lang='lat' dir='ltr'><strong>regem</strong></span> <span class='ocrx_word' id='word_1_27' title='bbox 514 2190 658 2257; x_wconf 76' lang='lat' dir='ltr'><strong>familiae</strong></span> <span class='ocrx_word' id='word_1_28' title='bbox 680 2195 812 2256; x_wconf 85' lang='lat' dir='ltr'><strong>nostrae</strong></span> <span class='ocrx_word' id='word_1_29' title='bbox 835 2189 932 2254; x_wconf 87' lang='lat' dir='ltr'><strong>iustis</strong></span> <span class='ocrx_word' id='word_1_30' title='bbox 956 2187 994 2253; x_wconf 89' lang='lat' dir='ltr'><strong>de</strong></span> <span class='ocrx_word' id='word_1_31' title='bbox 1018 2190 1125 2255; x_wconf 84' lang='lat' dir='ltr'><strong>causis</strong></span> <span class='ocrx_word' id='word_1_32' title='bbox 1148 2189 1304 2256; x_wconf 90' lang='lat' dir='ltr'><strong>amicissi-</strong></span> 
     </span>
     <span class='ocr_line' id='line_1_6' title="bbox 264 2276 1335 2365; baseline 0.005 -24"><span class='ocrx_word' id='word_1_33' title='bbox 264 2301 389 2346; x_wconf 88' lang='lat' dir='ltr'><strong>smum.</strong></span> <span class='ocrx_word' id='word_1_34' title='bbox 440 2280 480 2345; x_wconf 89' lang='lat' dir='ltr'><strong>ad</strong></span> <span class='ocrx_word' id='word_1_35' title='bbox 512 2301 605 2365; x_wconf 88' lang='lat' dir='ltr'><strong>quem</strong></span> <span class='ocrx_word' id='word_1_36' title='bbox 634 2283 672 2343; x_wconf 92' lang='lat' dir='ltr'><strong>ut</strong></span> <span class='ocrx_word' id='word_1_37' title='bbox 698 2279 788 2362; x_wconf 86' lang='lat' dir='ltr'><strong>neni,</strong></span> <span class='ocrx_word' id='word_1_38' title='bbox 820 2276 995 2364; x_wconf 82' lang='lat' dir='ltr'><strong>conplexus</strong></span> <span class='ocrx_word' id='word_1_39' title='bbox 1023 2300 1075 2343; x_wconf 87' lang='lat' dir='ltr'><strong>me</strong></span> <span class='ocrx_word' id='word_1_40' title='bbox 1103 2299 1201 2344; x_wconf 83' lang='lat' dir='ltr'><strong>senex</strong></span> <span class='ocrx_word' id='word_1_41' title='bbox 1228 2280 1335 2347; x_wconf 78' lang='lat' dir='ltr'><strong>con-2</strong></span> 
     </span>
     <span class='ocr_line' id='line_1_7' title="bbox 291 2367 1305 2455; baseline -0.002 -18"><span class='ocrx_word' id='word_1_42' title='bbox 291 2370 475 2437; x_wconf 87' lang='lat' dir='ltr'><strong>lacrimauit</strong></span> <span class='ocrx_word' id='word_1_43' title='bbox 505 2369 735 2455; x_wconf 89' lang='lat' dir='ltr'><strong>aliquantoque</strong></span> <span class='ocrx_word' id='word_1_44' title='bbox 767 2372 844 2454; x_wconf 89' lang='lat' dir='ltr'><strong>post</strong></span> <span class='ocrx_word' id='word_1_45' title='bbox 876 2367 1023 2453; x_wconf 86' lang='lat' dir='ltr'><strong>suspexit</strong></span> <span class='ocrx_word' id='word_1_46' title='bbox 1049 2367 1089 2433; x_wconf 86' lang='lat' dir='ltr'><strong>ad</strong></span> <span class='ocrx_word' id='word_1_47' title='bbox 1117 2367 1241 2434; x_wconf 91' lang='lat' dir='ltr'><strong>caelum</strong></span> <span class='ocrx_word' id='word_1_48' title='bbox 1271 2371 1305 2435; x_wconf 89' lang='lat' dir='ltr'><strong>et</strong></span> 
     </span>
     <span class='ocr_line' id='line_1_8' title="bbox 293 2457 1305 2549; baseline -0.002 -22"><span class='ocrx_word' id='word_1_49' title='bbox 293 2459 434 2549; x_wconf 78' lang='lat' dir='ltr'><strong>‘grates’</strong></span> <span class='ocrx_word' id='word_1_50' title='bbox 457 2460 564 2546; x_wconf 92' lang='lat' dir='ltr'><strong>inquit</strong></span> <span class='ocrx_word' id='word_1_51' title='bbox 586 2458 665 2525; x_wconf 78' lang='lat' dir='ltr'><strong>‘sibi</strong></span> <span class='ocrx_word' id='word_1_52' title='bbox 689 2481 767 2547; x_wconf 82' lang='lat' dir='ltr'><strong>ago,</strong></span> <span class='ocrx_word' id='word_1_53' title='bbox 794 2480 918 2526; x_wconf 89' lang='lat' dir='ltr'><strong>summe</strong></span> <span class='ocrx_word' id='word_1_54' title='bbox 942 2457 1013 2543; x_wconf 85' lang='lat' dir='ltr'><strong>Sol,</strong></span> <span class='ocrx_word' id='word_1_55' title='bbox 1038 2458 1210 2544; x_wconf 88' lang='lat' dir='ltr'><strong>uobisque,</strong></span> <span class='ocrx_word' id='word_1_56' title='bbox 1232 2457 1305 2525; x_wconf 89' lang='lat' dir='ltr'><strong>reli·</strong></span> 
     </span>
     <span class='ocr_line' id='line_1_9' title="bbox 293 2549 1305 2636; baseline -0.004 -19"><span class='ocrx_word' id='word_1_57' title='bbox 293 2552 346 2636; x_wconf 90' lang='lat' dir='ltr'><strong>qni</strong></span> <span class='ocrx_word' id='word_1_58' title='bbox 370 2551 514 2632; x_wconf 82' lang='lat' dir='ltr'><strong>caelites,</strong></span> <span class='ocrx_word' id='word_1_59' title='bbox 543 2549 629 2635; x_wconf 87' lang='lat' dir='ltr'><strong>quod</strong></span> <span class='ocrx_word' id='word_1_60' title='bbox 653 2553 826 2636; x_wconf 76' lang='lat' dir='ltr'><strong>antequam</strong></span> <span class='ocrx_word' id='word_1_61' title='bbox 851 2572 889 2615; x_wconf 87' lang='lat' dir='ltr'><strong>ex</strong></span> <span class='ocrx_word' id='word_1_62' title='bbox 913 2549 974 2615; x_wconf 88' lang='lat' dir='ltr'><strong>hac</strong></span> <span class='ocrx_word' id='word_1_63' title='bbox 998 2549 1068 2614; x_wconf 88' lang='lat' dir='ltr'><strong>uita</strong></span> <span class='ocrx_word' id='word_1_64' title='bbox 1090 2549 1209 2636; x_wconf 83' lang='lat' dir='ltr'><strong>migro,</strong></span> <span class='ocrx_word' id='word_1_65' title='bbox 1232 2570 1305 2615; x_wconf 88' lang='lat' dir='ltr'><strong>oon·</strong></span> 
     </span>
     <span class='ocr_line' id='line_1_10' title="bbox 293 2635 1304 2728; baseline -0.002 -21"><span class='ocrx_word' id='word_1_66' title='bbox 293 2641 394 2728; x_wconf 88' lang='lat' dir='ltr'><strong>spicio</strong></span> <span class='ocrx_word' id='word_1_67' title='bbox 422 2642 457 2707; x_wconf 93' lang='lat' dir='ltr'><strong>in</strong></span> <span class='ocrx_word' id='word_1_68' title='bbox 485 2662 556 2707; x_wconf 91' lang='lat' dir='ltr'><strong>meo</strong></span> <span class='ocrx_word' id='word_1_69' title='bbox 585 2662 684 2726; x_wconf 82' lang='lat' dir='ltr'><strong>regno</strong></span> <span class='ocrx_word' id='word_1_70' title='bbox 713 2645 746 2705; x_wconf 91' lang='lat' dir='ltr'><strong>et</strong></span> <span class='ocrx_word' id='word_1_71' title='bbox 772 2639 824 2705; x_wconf 81' lang='lat' dir='ltr'><strong>liis</strong></span> <span class='ocrx_word' id='word_1_72' title='bbox 852 2638 949 2705; x_wconf 89' lang='lat' dir='ltr'><strong>tectis</strong></span> <span class='ocrx_word' id='word_1_73' title='bbox 972 2635 1007 2704; x_wconf 90' lang='lat' dir='ltr'><strong>P.</strong></span> <span class='ocrx_word' id='word_1_74' title='bbox 1030 2636 1214 2705; x_wconf 73' lang='lat' dir='ltr'><strong>Cornelium</strong></span> <span class='ocrx_word' id='word_1_75' title='bbox 1238 2636 1304 2705; x_wconf 85' lang='lat' dir='ltr'><strong>Sci·</strong></span> 
     </span>
     <span class='ocr_line' id='line_1_11' title="bbox 253 2729 1306 2817; baseline -0.001 -22"><span class='ocrx_word' id='word_1_76' title='bbox 253 2750 280 2790; x_wconf 80' lang='grc' dir='ltr'><strong>ιο</strong></span> <span class='ocrx_word' id='word_1_77' title='bbox 293 2735 432 2817; x_wconf 86' lang='lat' dir='ltr'><strong>pionem,</strong></span> <span class='ocrx_word' id='word_1_78' title='bbox 456 2731 546 2797; x_wconf 89' lang='lat' dir='ltr'><strong>cuius</strong></span> <span class='ocrx_word' id='word_1_79' title='bbox 569 2752 630 2815; x_wconf 81' lang='lat' dir='ltr'><strong>ego</strong></span> <span class='ocrx_word' id='word_1_80' title='bbox 653 2729 784 2795; x_wconf 89' lang='lat' dir='ltr'><strong>nomine</strong></span> <span class='ocrx_word' id='word_1_81' title='bbox 805 2730 877 2813; x_wconf 91' lang='lat' dir='ltr'><strong>ipso</strong></span> <span class='ocrx_word' id='word_1_82' title='bbox 901 2750 1037 2794; x_wconf 89' lang='lat' dir='ltr'><strong>recreor:</strong></span> <span class='ocrx_word' id='word_1_83' title='bbox 1062 2729 1110 2793; x_wconf 86' lang='lat' dir='ltr'><strong>ita</strong></span> <span class='ocrx_word' id='word_1_84' title='bbox 1129 2750 1306 2814; x_wconf 80' lang='lat' dir='ltr'><strong>numquam</strong></span> 
     </span>
     <span class='ocr_line' id='line_1_12' title="bbox 294 2817 1306 2902; baseline -0.003 -18"><span class='ocrx_word' id='word_1_85' title='bbox 294 2841 333 2884; x_wconf 84' lang='lat' dir='ltr'><strong>ex</strong></span> <span class='ocrx_word' id='word_1_86' title='bbox 357 2820 465 2884; x_wconf 88' lang='lat' dir='ltr'><strong>animo</strong></span> <span class='ocrx_word' id='word_1_87' title='bbox 486 2840 559 2884; x_wconf 89' lang='lat' dir='ltr'><strong>meo</strong></span> <span class='ocrx_word' id='word_1_88' title='bbox 579 2818 715 2884; x_wconf 79' lang='lat' dir='ltr'><strong>discedit</strong></span> <span class='ocrx_word' id='word_1_89' title='bbox 732 2818 817 2883; x_wconf 91' lang='lat' dir='ltr'><strong>illins</strong></span> <span class='ocrx_word' id='word_1_90' title='bbox 837 2817 962 2902; x_wconf 93' lang='lat' dir='ltr'><strong>optumi</strong></span> <span class='ocrx_word' id='word_1_91' title='bbox 982 2820 1080 2900; x_wconf 88' lang='lat' dir='ltr'><strong>atqua</strong></span> <span class='ocrx_word' id='word_1_92' title='bbox 1098 2817 1306 2883; x_wconf 82' lang='lat' dir='ltr'><strong>inmotussnmn</strong></span> 
     </span>
     <span class='ocr_line' id='line_1_13' title="bbox 293 2903 1306 2990; baseline -0.002 -20"><span class='ocrx_word' id='word_1_93' title='bbox 293 2907 356 2971; x_wconf 86' lang='lat' dir='ltr'><strong>uiri</strong></span> <span class='ocrx_word' id='word_1_94' title='bbox 385 2906 562 2972; x_wconf 66' lang='lat' dir='ltr'><strong>memoria?</strong></span> <span class='ocrx_word' id='word_1_95' title='bbox 610 2905 723 2971; x_wconf 89' lang='lat' dir='ltr'><strong>deinde</strong></span> <span class='ocrx_word' id='word_1_96' title='bbox 751 2926 812 2990; x_wconf 81' lang='lat' dir='ltr'><strong>ego</strong></span> <span class='ocrx_word' id='word_1_97' title='bbox 839 2905 930 2970; x_wconf 90' lang='lat' dir='ltr'><strong>illum</strong></span> <span class='ocrx_word' id='word_1_98' title='bbox 959 2904 998 2968; x_wconf 91' lang='lat' dir='ltr'><strong>de</strong></span> <span class='ocrx_word' id='word_1_99' title='bbox 1027 2925 1086 2969; x_wconf 88' lang='lat' dir='ltr'><strong>suo</strong></span> <span class='ocrx_word' id='word_1_100' title='bbox 1109 2925 1223 2989; x_wconf 81' lang='lat' dir='ltr'><strong>regno,</strong></span> <span class='ocrx_word' id='word_1_101' title='bbox 1250 2903 1306 2970; x_wconf 91' lang='lat' dir='ltr'><strong>ills</strong></span> 
     </span>
     <span class='ocr_line' id='line_1_14' title="bbox 294 2993 1307 3080; baseline -0.001 -22"><span class='ocrx_word' id='word_1_102' title='bbox 294 3016 345 3058; x_wconf 92' lang='lat' dir='ltr'><strong>me</strong></span> <span class='ocrx_word' id='word_1_103' title='bbox 376 2993 414 3060; x_wconf 89' lang='lat' dir='ltr'><strong>de</strong></span> <span class='ocrx_word' id='word_1_104' title='bbox 441 2996 555 3060; x_wconf 86' lang='lat' dir='ltr'><strong>nostra</strong></span> <span class='ocrx_word' id='word_1_105' title='bbox 582 3017 616 3059; x_wconf 87' lang='lat' dir='ltr'><strong>rs</strong></span> <span class='ocrx_word' id='word_1_106' title='bbox 643 2993 774 3080; x_wconf 90' lang='lat' dir='ltr'><strong>publica</strong></span> <span class='ocrx_word' id='word_1_107' title='bbox 800 2996 1008 3077; x_wconf 76' lang='lat' dir='ltr'><strong>percontatus</strong></span> <span class='ocrx_word' id='word_1_108' title='bbox 1037 2996 1100 3076; x_wconf 86' lang='lat' dir='ltr'><strong>est,</strong></span> <span class='ocrx_word' id='word_1_109' title='bbox 1131 2993 1307 3078; x_wconf 88' lang='lat' dir='ltr'><strong>multisque</strong></span> 
     </span>
     <span class='ocr_line' id='line_1_15' title="bbox 294 3081 1306 3169; baseline 0.001 -23"><span class='ocrx_word' id='word_1_110' title='bbox 294 3083 404 3148; x_wconf 86' lang='lat' dir='ltr'><strong>uerbis</strong></span> <span class='ocrx_word' id='word_1_111' title='bbox 437 3084 524 3150; x_wconf 91' lang='lat' dir='ltr'><strong>ultro</strong></span> <span class='ocrx_word' id='word_1_112' title='bbox 556 3082 702 3169; x_wconf 84' lang='lat' dir='ltr'><strong>citroque</strong></span> <span class='ocrx_word' id='word_1_113' title='bbox 735 3081 856 3147; x_wconf 85' lang='lat' dir='ltr'><strong>habitis</strong></span> <span class='ocrx_word' id='word_1_114' title='bbox 889 3081 945 3147; x_wconf 89' lang='lat' dir='ltr'><strong>ills</strong></span> <span class='ocrx_word' id='word_1_115' title='bbox 973 3081 1069 3147; x_wconf 85' lang='lat' dir='ltr'><strong>nobie</strong></span> <span class='ocrx_word' id='word_1_116' title='bbox 1097 3087 1306 3168; x_wconf 86' lang='lat' dir='ltr'><strong>consumptas</strong></span> 
     </span>
     <span class='ocr_line' id='line_1_16' title="bbox 254 3169 1350 3257; baseline 0.002 -21"><span class='ocrx_word' id='word_1_117' title='bbox 254 3187 279 3230; x_wconf 80' lang='lat'><strong>1⁵</strong></span> <span class='ocrx_word' id='word_1_118' title='bbox 294 3175 344 3236; x_wconf 92' lang='lat' dir='ltr'><strong>est</strong></span> <span class='ocrx_word' id='word_1_119' title='bbox 362 3171 439 3237; x_wconf 88' lang='lat' dir='ltr'><strong>dies.</strong></span> <span class='ocrx_word' id='word_1_120' title='bbox 476 3174 553 3255; x_wconf 90' lang='lat' dir='ltr'><strong>post</strong></span> <span class='ocrx_word' id='word_1_121' title='bbox 571 3175 678 3237; x_wconf 87' lang='lat' dir='ltr'><strong>autem</strong></span> <span class='ocrx_word' id='word_1_122' title='bbox 698 3174 857 3257; x_wconf 84' lang='lat' dir='ltr'><strong>apparatu</strong></span> <span class='ocrx_word' id='word_1_123' title='bbox 876 3171 967 3256; x_wconf 77' lang='lat' dir='ltr'><strong>regio</strong></span> <span class='ocrx_word' id='word_1_124' title='bbox 986 3169 1111 3256; x_wconf 82' lang='lat' dir='ltr'><strong>accepti</strong></span> <span class='ocrx_word' id='word_1_125' title='bbox 1125 3171 1350 3238; x_wconf 75' lang='lat' dir='ltr'><strong>sermonemd·</strong></span> 
     </span>
     <span class='ocr_line' id='line_1_17' title="bbox 293 3258 1353 3346; baseline 0 -23"><span class='ocrx_word' id='word_1_126' title='bbox 293 3260 328 3324; x_wconf 92' lang='lat' dir='ltr'><strong>in</strong></span> <span class='ocrx_word' id='word_1_127' title='bbox 355 3261 492 3325; x_wconf 89' lang='lat' dir='ltr'><strong>multam</strong></span> <span class='ocrx_word' id='word_1_128' title='bbox 515 3263 644 3325; x_wconf 87' lang='lat' dir='ltr'><strong>noctem</strong></span> <span class='ocrx_word' id='word_1_129' title='bbox 668 3259 892 3346; x_wconf 79' lang='lat' dir='ltr'><strong>produximus,</strong></span> <span class='ocrx_word' id='word_1_130' title='bbox 920 3282 992 3325; x_wconf 89' lang='lat' dir='ltr'><strong>oum</strong></span> <span class='ocrx_word' id='word_1_131' title='bbox 1016 3280 1114 3324; x_wconf 84' lang='lat' dir='ltr'><strong>senex</strong></span> <span class='ocrx_word' id='word_1_132' title='bbox 1136 3258 1219 3323; x_wconf 91' lang='lat' dir='ltr'><strong>nihil</strong></span> <span class='ocrx_word' id='word_1_133' title='bbox 1241 3258 1307 3324; x_wconf 90' lang='lat' dir='ltr'><strong>nisi</strong></span> <span class='ocrx_word' id='word_1_134' title='bbox 1347 3321 1353 3333; x_wconf 83' lang='grc'><strong>,</strong></span> 
     </span>
    </p>
   </div>
   <div class='ocr_carea' id='block_1_3' title="bbox 255 3346 1309 3701">
    <p class='ocr_par' dir='ltr' id='par_1_3' title="bbox 255 3346 1309 3701">
     <span class='ocr_line' id='line_1_18' title="bbox 295 3346 1308 3434; baseline 0 -23"><span class='ocrx_word' id='word_1_135' title='bbox 295 3346 333 3411; x_wconf 90' lang='lat' dir='ltr'><strong>de</strong></span> <span class='ocrx_word' id='word_1_136' title='bbox 356 3346 511 3414; x_wconf 85' lang='lat' dir='ltr'><strong>Africano</strong></span> <span class='ocrx_word' id='word_1_137' title='bbox 539 3349 739 3434; x_wconf 86' lang='lat' dir='ltr'><strong>loqueretur,</strong></span> <span class='ocrx_word' id='word_1_138' title='bbox 767 3348 940 3433; x_wconf 78' lang='lat' dir='ltr'><strong>omniaque</strong></span> <span class='ocrx_word' id='word_1_139' title='bbox 963 3349 1033 3413; x_wconf 91' lang='lat' dir='ltr'><strong>eius</strong></span> <span class='ocrx_word' id='word_1_140' title='bbox 1057 3369 1121 3413; x_wconf 90' lang='lat' dir='ltr'><strong>non</strong></span> <span class='ocrx_word' id='word_1_141' title='bbox 1145 3346 1234 3413; x_wconf 85' lang='lat' dir='ltr'><strong>faeta</strong></span> <span class='ocrx_word' id='word_1_142' title='bbox 1256 3368 1308 3412; x_wconf 89' lang='lat' dir='ltr'><strong>so-</strong></span> 
     </span>
     <span class='ocr_line' id='line_1_19' title="bbox 293 3435 1308 3503; baseline 0 -3"><span class='ocrx_word' id='word_1_143' title='bbox 293 3437 360 3500; x_wconf 90' lang='lat' dir='ltr'><strong>lnm</strong></span> <span class='ocrx_word' id='word_1_144' title='bbox 389 3437 444 3501; x_wconf 87' lang='lat' dir='ltr'><strong>sed</strong></span> <span class='ocrx_word' id='word_1_145' title='bbox 473 3437 574 3502; x_wconf 88' lang='lat' dir='ltr'><strong>ctiam</strong></span> <span class='ocrx_word' id='word_1_146' title='bbox 597 3436 685 3503; x_wconf 86' lang='lat' dir='ltr'><strong>diota</strong></span> <span class='ocrx_word' id='word_1_147' title='bbox 708 3437 919 3503; x_wconf 87' lang='lat' dir='ltr'><strong>meminisset.</strong></span> <span class='ocrx_word' id='word_1_148' title='bbox 965 3435 1079 3502; x_wconf 89' lang='lat' dir='ltr'><strong>deinde</strong></span> <span class='ocrx_word' id='word_1_149' title='bbox 1102 3437 1140 3501; x_wconf 91' lang='lat' dir='ltr'><strong>ut</strong></span> <span class='ocrx_word' id='word_1_150' title='bbox 1163 3435 1308 3501; x_wconf 86' lang='lat' dir='ltr'><strong>cubitum</strong></span> 
     </span>
     <span class='ocr_line' id='line_1_20' title="bbox 295 3525 1308 3612; baseline 0.001 -23"><span class='ocrx_word' id='word_1_151' title='bbox 295 3525 509 3610; x_wconf 81' lang='lat' dir='ltr'><strong>discessimus,</strong></span> <span class='ocrx_word' id='word_1_152' title='bbox 532 3548 583 3591; x_wconf 81' lang='lat' dir='ltr'><strong>nie</strong></span> <span class='ocrx_word' id='word_1_153' title='bbox 607 3525 702 3591; x_wconf 90' lang='lat' dir='ltr'><strong>etde</strong></span> <span class='ocrx_word' id='word_1_154' title='bbox 730 3526 785 3591; x_wconf 86' lang='lat' dir='ltr'><strong>uia</strong></span> <span class='ocrx_word' id='word_1_155' title='bbox 812 3531 845 3591; x_wconf 90' lang='lat' dir='ltr'><strong>et</strong></span> <span class='ocrx_word' id='word_1_156' title='bbox 873 3527 928 3612; x_wconf 90' lang='lat' dir='ltr'><strong>qui</strong></span> <span class='ocrx_word' id='word_1_157' title='bbox 951 3525 992 3592; x_wconf 88' lang='lat' dir='ltr'><strong>ad</strong></span> <span class='ocrx_word' id='word_1_158' title='bbox 1019 3526 1156 3591; x_wconf 83' lang='lat' dir='ltr'><strong>multam</strong></span> <span class='ocrx_word' id='word_1_159' title='bbox 1178 3526 1308 3591; x_wconf 81' lang='lat' dir='ltr'><strong>noctem</strong></span> 
     </span>
     <span class='ocr_line' id='line_1_21' title="bbox 255 3615 1309 3701; baseline 0.005 -28"><span class='ocrx_word' id='word_1_160' title='bbox 255 3615 498 3701; x_wconf 65' lang='lat' dir='ltr'><strong>suigilassem,</strong></span> <span class='ocrx_word' id='word_1_161' title='bbox 531 3616 646 3700; x_wconf 88' lang='lat' dir='ltr'><strong>artior,</strong></span> <span class='ocrx_word' id='word_1_162' title='bbox 678 3638 775 3701; x_wconf 91' lang='lat' dir='ltr'><strong>quam</strong></span> <span class='ocrx_word' id='word_1_163' title='bbox 804 3616 945 3700; x_wconf 85' lang='lat' dir='ltr'><strong>solebat,</strong></span> <span class='ocrx_word' id='word_1_164' title='bbox 973 3637 1105 3681; x_wconf 89' lang='lat' dir='ltr'><strong>somnus</strong></span> <span class='ocrx_word' id='word_1_165' title='bbox 1133 3615 1309 3700; x_wconf 88' lang='lat' dir='ltr'><strong>conplexus</strong></span> 
     </span>
    </p>
   </div>
   <div class='ocr_carea' id='block_1_4' title="bbox 297 3788 1313 4354">
    <p class='ocr_par' dir='ltr' id='par_1_4' title="bbox 297 3788 1313 4354">
     <span class='ocr_line' id='line_1_22' title="bbox 367 3788 1310 3859; baseline 0.002 -18"><span class='ocrx_word' id='word_1_166' title='bbox 367 3788 400 3841; x_wconf 79' lang='lat' dir='ltr'><strong>de</strong></span> <span class='ocrx_word' id='word_1_167' title='bbox 417 3789 542 3857; x_wconf 70' lang='lat' dir='ltr'><strong>immpt.</strong></span> <span class='ocrx_word' id='word_1_168' title='bbox 565 3788 623 3844; x_wconf 79' lang='lat' dir='ltr'><strong>uid.</strong></span> <span class='ocrx_word' id='word_1_169' title='bbox 638 3805 669 3859; x_wconf 78' lang='lat' dir='ltr'><strong>p.</strong></span> <span class='ocrx_word' id='word_1_170' title='bbox 688 3791 745 3844; x_wconf 78' lang='lat'><strong>652</strong></span> <span class='ocrx_word' id='word_1_171' title='bbox 854 3791 928 3842; x_wconf 79' lang='grc' dir='ltr'><strong>ῙΑ·</strong></span> <span class='ocrx_word' id='word_1_172' title='bbox 946 3789 1053 3843; x_wconf 80' lang='lat' dir='ltr'><strong>manlio</strong></span> <span class='ocrx_word' id='word_1_173' title='bbox 1071 3788 1133 3855; x_wconf 86' lang='grc' dir='ltr'><strong>ΡΒ,</strong></span> <span class='ocrx_word' id='word_1_174' title='bbox 1154 3788 1310 3843; x_wconf 68' lang='lat' dir='ltr'><strong>emendacio</strong></span> 
     </span>
     <span class='ocr_line' id='line_1_23' title="bbox 297 3856 1309 3928; baseline -0.001 -16"><span class='ocrx_word' id='word_1_175' title='bbox 297 3856 429 3928; x_wconf 73' lang='lat' dir='ltr'><strong>Sipontum</strong></span> <span class='ocrx_word' id='word_1_176' title='bbox 509 3857 632 3912; x_wconf 76' lang='lat' dir='ltr'><strong>snicml</strong></span> <span class='ocrx_word' id='word_1_177' title='bbox 650 3858 678 3912; x_wconf 89' lang='grc' dir='ltr'><strong><em>Β</em></strong></span> <span class='ocrx_word' id='word_1_178' title='bbox 754 3858 809 3913; x_wconf 86' lang='lat' dir='ltr'><strong>lmt</strong></span> <span class='ocrx_word' id='word_1_179' title='bbox 827 3859 897 3913; x_wconf 85' lang='lat' dir='ltr'><strong>msln</strong></span> <span class='ocrx_word' id='word_1_180' title='bbox 915 3859 944 3916; x_wconf 93' lang='grc' dir='ltr'><strong><em>Β</em></strong></span> <span class='ocrx_word' id='word_1_181' title='bbox 1023 3858 1264 3914; x_wconf 77' lang='lat' dir='ltr'><strong>toollaenmamt</strong></span> <span class='ocrx_word' id='word_1_182' title='bbox 1280 3857 1309 3912; x_wconf 88' lang='grc' dir='ltr'><strong><em>Β</em></strong></span> 
     </span>
     <span class='ocr_line' id='line_1_24' title="bbox 298 3925 1313 4003; baseline 0.002 -21"><span class='ocrx_word' id='word_1_183' title='bbox 298 3925 450 3996; x_wconf 80' lang='lat' dir='ltr'><strong>&#39;lrehqml</strong></span> <span class='ocrx_word' id='word_1_184' title='bbox 464 3929 500 3997; x_wconf 88' lang='grc' dir='ltr'><strong>Β,</strong></span> <span class='ocrx_word' id='word_1_185' title='bbox 518 3929 617 3985; x_wconf 75' lang='lat' dir='ltr'><strong>deinde</strong></span> <span class='ocrx_word' id='word_1_186' title='bbox 634 3929 667 3983; x_wconf 77' lang='lat' dir='ltr'><strong>io</strong></span> <span class='ocrx_word' id='word_1_187' title='bbox 684 3944 739 3986; x_wconf 81' lang='lat' dir='ltr'><strong>roe.</strong></span> <span class='ocrx_word' id='word_1_188' title='bbox 758 3929 858 4003; x_wconf 74' lang='lat' dir='ltr'><strong>oqlstel</strong></span> <span class='ocrx_word' id='word_1_189' title='bbox 872 3930 904 3984; x_wconf 78' lang='lat' dir='ltr'><strong>in</strong></span> <span class='ocrx_word' id='word_1_190' title='bbox 924 3931 952 3984; x_wconf 87' lang='lat' dir='ltr'><strong><em>P</em></strong></span> <span class='ocrx_word' id='word_1_191' title='bbox 1061 3935 1078 3984; x_wconf 77' lang='grc'>9</span> <span class='ocrx_word' id='word_1_192' title='bbox 1097 3944 1184 3999; x_wconf 72' lang='lat' dir='ltr'><strong>regno</strong></span> <span class='ocrx_word' id='word_1_193' title='bbox 1203 3943 1266 3984; x_wconf 84' lang='lat' dir='ltr'><strong>meo</strong></span> <span class='ocrx_word' id='word_1_194' title='bbox 1284 3927 1313 3984; x_wconf 87' lang='lat' dir='ltr'><strong><em>P</em></strong></span> 
     </span>
     <span class='ocr_line' id='line_1_25' title="bbox 299 3998 1311 4070; baseline 0.004 -19"><span class='ocrx_word' id='word_1_195' title='bbox 299 4004 333 4052; x_wconf 90' lang='lat'><strong>10</strong></span> <span class='ocrx_word' id='word_1_196' title='bbox 351 3999 408 4068; x_wconf 81' lang='lat' dir='ltr'><strong>lpse</strong></span> <span class='ocrx_word' id='word_1_197' title='bbox 425 3998 454 4053; x_wconf 92' lang='grc' dir='ltr'><strong><em>Β</em></strong></span> <span class='ocrx_word' id='word_1_198' title='bbox 543 4001 639 4069; x_wconf 83' lang='lat' dir='ltr'><strong>itaque</strong></span> <span class='ocrx_word' id='word_1_199' title='bbox 658 4000 686 4055; x_wconf 89' lang='lat' dir='ltr'><strong><em>P</em></strong></span> <span class='ocrx_word' id='word_1_200' title='bbox 779 4000 875 4070; x_wconf 82' lang='lat' dir='ltr'><strong>itaque</strong></span> <span class='ocrx_word' id='word_1_201' title='bbox 893 4017 1047 4070; x_wconf 87' lang='lat' dir='ltr'><strong>numquam</strong></span> <span class='ocrx_word' id='word_1_202' title='bbox 1066 4001 1119 4070; x_wconf 76' lang='lat' dir='ltr'><strong>(ilo</strong></span> <span class='ocrx_word' id='word_1_203' title='bbox 1136 4000 1208 4056; x_wconf 80' lang='lat' dir='ltr'><strong>mim</strong></span> <span class='ocrx_word' id='word_1_204' title='bbox 1225 3998 1311 4068; x_wconf 76' lang='lat' dir='ltr'><strong>solsss</strong></span> 
     </span>
     <span class='ocr_line' id='line_1_26' title="bbox 297 4070 1311 4141; baseline 0.002 -18"><span class='ocrx_word' id='word_1_205' title='bbox 297 4070 420 4138; x_wconf 78' lang='lat' dir='ltr'><strong>uidetur)</strong></span> <span class='ocrx_word' id='word_1_206' title='bbox 439 4072 555 4125; x_wconf 73' lang='lat' dir='ltr'><strong>monuit</strong></span> <span class='ocrx_word' id='word_1_207' title='bbox 572 4072 604 4125; x_wconf 76' lang='lat' dir='ltr'><strong>in</strong></span> <span class='ocrx_word' id='word_1_208' title='bbox 622 4071 650 4125; x_wconf 95' lang='grc' dir='ltr'><strong><em>Β</em></strong></span> <span class='ocrx_word' id='word_1_209' title='bbox 733 4076 765 4126; x_wconf 83' lang='grc'><strong>11</strong></span> <span class='ocrx_word' id='word_1_210' title='bbox 786 4070 906 4126; x_wconf 78' lang='lat' dir='ltr'><strong>dulceffit</strong></span> <span class='ocrx_word' id='word_1_211' title='bbox 924 4072 952 4127; x_wconf 89' lang='lat' dir='ltr'><em>P</em></span> <span class='ocrx_word' id='word_1_212' title='bbox 1028 4072 1129 4141; x_wconf 79' lang='lat' dir='ltr'><strong>optimu</strong></span> <span class='ocrx_word' id='word_1_213' title='bbox 1146 4071 1175 4126; x_wconf 94' lang='grc' dir='ltr'><strong><em>Β</em></strong></span> <span class='ocrx_word' id='word_1_214' title='bbox 1246 4074 1311 4141; x_wconf 75' lang='lat' dir='ltr'><strong>pou</strong></span> 
     </span>
     <span class='ocr_line' id='line_1_27' title="bbox 298 4141 1310 4213; baseline 0.003 -20"><span class='ocrx_word' id='word_1_215' title='bbox 298 4141 408 4210; x_wconf 80' lang='lat' dir='ltr'><strong>optumi</strong></span> <span class='ocrx_word' id='word_1_216' title='bbox 426 4141 542 4196; x_wconf 63' lang='lat' dir='ltr'><strong>deleam</strong></span> <span class='ocrx_word' id='word_1_217' title='bbox 560 4158 615 4197; x_wconf 80' lang='lat' dir='ltr'><strong>uiri</strong></span> <span class='ocrx_word' id='word_1_218' title='bbox 632 4144 665 4197; x_wconf 79' lang='lat' dir='ltr'><strong>ia</strong></span> <span class='ocrx_word' id='word_1_219' title='bbox 682 4142 711 4197; x_wconf 90' lang='lat' dir='ltr'><strong><em>P</em></strong></span> <span class='ocrx_word' id='word_1_220' title='bbox 767 4147 800 4196; x_wconf 83' lang='lat'><strong>18</strong></span> <span class='ocrx_word' id='word_1_221' title='bbox 819 4145 869 4197; x_wconf 73' lang='lat' dir='ltr'><strong>ura</strong></span> <span class='ocrx_word' id='word_1_222' title='bbox 888 4147 932 4213; x_wconf 88' lang='lat' dir='ltr'><strong>(ur</strong></span> <span class='ocrx_word' id='word_1_223' title='bbox 949 4143 981 4197; x_wconf 78' lang='lat' dir='ltr'><strong>in</strong></span> <span class='ocrx_word' id='word_1_224' title='bbox 999 4146 1067 4212; x_wconf 80' lang='lat' dir='ltr'><strong>ras.)</strong></span> <span class='ocrx_word' id='word_1_225' title='bbox 1084 4143 1113 4198; x_wconf 90' lang='lat' dir='ltr'><strong><em>P</em></strong></span> <span class='ocrx_word' id='word_1_226' title='bbox 1171 4157 1201 4197; x_wconf 83' lang='lat' dir='ltr'><strong>re</strong></span> <span class='ocrx_word' id='word_1_227' title='bbox 1219 4159 1238 4212; x_wconf 87' lang='lat' dir='ltr'><strong>p</strong></span> <span class='ocrx_word' id='word_1_228' title='bbox 1257 4141 1310 4197; x_wconf 89' lang='lat' dir='ltr'><strong><em>PB</em></strong></span> 
     </span>
     <span class='ocr_line' id='line_1_28' title="bbox 298 4209 1310 4283; baseline 0.002 -19"><span class='ocrx_word' id='word_1_229' title='bbox 298 4210 451 4282; x_wconf 87' lang='lat' dir='ltr'><strong>pcnntatul</strong></span> <span class='ocrx_word' id='word_1_230' title='bbox 465 4209 500 4266; x_wconf 82' lang='lat' dir='ltr'><strong><em>P</em></strong></span> <span class='ocrx_word' id='word_1_231' title='bbox 583 4217 617 4267; x_wconf 76' lang='lat'><strong>14</strong></span> <span class='ocrx_word' id='word_1_232' title='bbox 636 4213 721 4268; x_wconf 76' lang='lat' dir='ltr'><strong>abitus</strong></span> <span class='ocrx_word' id='word_1_233' title='bbox 736 4214 764 4268; x_wconf 90' lang='lat' dir='ltr'><strong><em>P</em></strong></span> <span class='ocrx_word' id='word_1_234' title='bbox 836 4217 871 4283; x_wconf 70' lang='grc' dir='ltr'>ῲ</span> <span class='ocrx_word' id='word_1_235' title='bbox 890 4213 1040 4283; x_wconf 68' lang='lat' dir='ltr'><strong>conmotus</strong></span> <span class='ocrx_word' id='word_1_236' title='bbox 1056 4214 1084 4268; x_wconf 93' lang='lat' dir='ltr'><strong><em>P</em></strong></span> <span class='ocrx_word' id='word_1_237' title='bbox 1164 4216 1310 4267; x_wconf 74' lang='lat' dir='ltr'><strong>litantem</strong></span> 
     </span>
     <span class='ocr_line' id='line_1_29' title="bbox 299 4281 1311 4354; baseline 0.007 -18"><span class='ocrx_word' id='word_1_238' title='bbox 299 4299 350 4336; x_wconf 78' lang='lat' dir='ltr'><strong>oso.</strong></span> <span class='ocrx_word' id='word_1_239' title='bbox 369 4282 397 4336; x_wconf 95' lang='grc' dir='ltr'><strong><em>Β</em></strong></span> <span class='ocrx_word' id='word_1_240' title='bbox 444 4288 477 4336; x_wconf 82' lang='grc'><strong>17</strong></span> <span class='ocrx_word' id='word_1_241' title='bbox 497 4283 557 4338; x_wconf 83' lang='lat' dir='ltr'><strong>esus</strong></span> <span class='ocrx_word' id='word_1_242' title='bbox 572 4299 622 4341; x_wconf 79' lang='lat' dir='ltr'><strong>oso.</strong></span> <span class='ocrx_word' id='word_1_243' title='bbox 643 4281 681 4338; x_wconf 85' lang='lat' dir='ltr'><strong><em>P&#39;</em></strong></span> <span class='ocrx_word' id='word_1_244' title='bbox 736 4301 793 4340; x_wconf 91' lang='lat' dir='ltr'><strong>non</strong></span> <span class='ocrx_word' id='word_1_245' title='bbox 811 4283 870 4340; x_wconf 81' lang='lat' dir='ltr'><strong>solu</strong></span> <span class='ocrx_word' id='word_1_246' title='bbox 886 4285 962 4340; x_wconf 83' lang='lat' dir='ltr'><strong>saota</strong></span> <span class='ocrx_word' id='word_1_247' title='bbox 979 4285 1007 4339; x_wconf 90' lang='grc' dir='ltr'><strong><em>Β</em></strong></span> <span class='ocrx_word' id='word_1_248' title='bbox 1056 4288 1091 4339; x_wconf 71' lang='grc'><strong>20</strong></span> <span class='ocrx_word' id='word_1_249' title='bbox 1109 4282 1272 4354; x_wconf 82' lang='lat' dir='ltr'><strong>complexus</strong></span> <span class='ocrx_word' id='word_1_250' title='bbox 1283 4286 1311 4343; x_wconf 90' lang='lat' dir='ltr'><strong><em>B</em></strong></span> 
     </span>
    </p>
   </div>
   <div class='ocr_carea' id='block_1_5' title="bbox 0 0 1671 5190">
    <p class='ocr_par' dir='ltr' id='par_1_5' title="bbox 0 0 1671 5190">
     <span class='ocr_line' id='line_1_30' title="bbox 0 0 1671 5190; baseline 0 0"><span class='ocrx_word' id='word_1_251' title='bbox 0 0 1671 5190; x_wconf 95' lang='lat' dir='ltr'><strong> </strong></span> 
     </span>
    </p>
   </div>
  </div>
 </body>
</html>
