3442 5190
625 766 716 821 xvm
734 771 841 823 as-ar
868 765 972 822 xv1111
992 773 1060 824 1-s
1304 769 1367 836 109

352 930 487 998 eundem
512 953 550 996 ac
574 930 693 997 solem
717 951 788 996 esse
812 930 1046 1017 demonstrant,
1069 931 1097 995 si
1121 931 1249 1016 quidem
1271 933 1367 1017 pleri-

352 1018 583 1105 qualitatum
607 1041 679 1086 cum
699 1018 803 1085 Marte
826 1019 1035 1106 coniungunt,
1058 1041 1158 1086 unum
1179 1021 1277 1087 deum
1296 1043 1368 1088 csse

353 1111 582 1175 monstrantes.
626 1108 710 1174 unde
738 1108 887 1174 Bacchus
906 1105 1080 1188 Ἐνυάλιος
1107 1110 1400 1196 cognominatur,2

354 1199 439 1284 quod
462 1201 513 1264 est
535 1198 621 1263 inter
643 1198 777 1284 propria
799 1197 915 1263 Martis
938 1200 1079 1265 nomina.
1126 1199 1244 1266 colitur
1267 1201 1368 1267 etiam

328 1287 438 1374 capud
464 1286 738 1353 Lacedaemonios
766 1287 974 1354 simulacrum
1002 1288 1112 1354 Liberi
1141 1289 1245 1374 patris
1273 1289 1369 1355 hasta

354 1377 493 1463 insigne,
523 1398 590 1442 non
617 1375 743 1461 thyrso.
793 1376 850 1442 aed
878 1397 950 1442 cum
978 1378 1127 1463 thyrsum
1154 1380 1258 1464 tenet,
1291 1378 1368 1464 quid

355 1465 442 1531 aliud
469 1488 566 1551 quarn
593 1465 702 1530 latens
728 1465 830 1530 telum
859 1466 957 1551 gerit,
988 1467 1079 1532 cuius
1111 1487 1221 1533 mucro
1249 1466 1369 1533 hedera

355 1556 517 1621 lambente
538 1554 746 1640 protegitur?
792 1553 878 1638 quod
902 1553 1047 1619 ostendit
1073 1554 1203 1620 uinculo
1227 1554 1367 1640 quodam

355 1643 531 1728 patientiae
550 1642 743 1727 obligandos
757 1641 899 1727 impetus
914 1642 1002 1707 belli.
1034 1641 1135 1707 habet
1149 1641 1235 1707 enim
1249 1642 1370 1708 hedera

311 1757 344 1799 ro
357 1730 517 1798 uinciendi
537 1730 768 1816 obligandique
782 1734 942 1796 naturam.
974 1752 1114 1796 necnon
1134 1733 1167 1795 et
1184 1732 1273 1797 calor
1291 1730 1370 1816 nini,

355 1821 444 1887 cuius
467 1820 565 1886 Liber
586 1823 680 1905 pater
703 1821 816 1885 auctor
840 1823 903 1904 est,
925 1840 1022 1905 saepe
1044 1819 1195 1885 homines
1220 1820 1370 1886 adiuro

356 1931 423 1975 rem
441 1909 594 1975 bellicum
613 1930 715 1993 usque
734 1909 896 1993 propellit.
927 1908 1030 1995 igitur
1044 1911 1178 1994 propter
1196 1911 1402 1995 cognatum3

356 1997 500 2083 utrisque
528 1999 659 2063 effectus
688 1998 828 2063 calorem
856 1995 995 2063 Martem
1023 2019 1062 2063 ac
1087 1997 1242 2063 Liberum
1270 2020 1371 2063 unum

357 2087 556 2173 eundemque
575 2087 670 2152 deum
689 2109 760 2152 esse
774 2087 955 2152 uoluerunt.
988 2090 1074 2152 certe
1088 2087 1228 2153 Romani
1248 2090 1371 2154 utrum-

305 2198 418 2260 nrque
445 2177 548 2260 patris
576 2177 794 2262 appellatione
817 2178 1026 2259 uenerantur,
1054 2176 1193 2241 alterum
1216 2174 1371 2242 Liberum

358 2268 493 2349 patrem,
507 2267 644 2330 alterum
660 2264 905 2350 Marspitrem
924 2263 957 2329 id
972 2268 1022 2330 eat
1040 2264 1200 2331 Martem
1219 2269 1369 2353 petrem

359 2354 632 2439 cognominantes.
664 2355 739 2420 lriue
752 2354 851 2419 etiam
863 2354 958 2420 lribcr
973 2357 1066 2439 pater
1081 2355 1240 2421 bellorum
1255 2359 1404 2442 potensct

359 2445 525 2530 probatur,
540 2445 626 2531 quod
645 2467 716 2510 sum
737 2445 877 2531 primum
896 2443 1066 2511 ediderunt
1080 2448 1244 2512 auctorem
1260 2446 1372 2512 trium-

360 2534 425 2621 phi.
472 2558 543 2601 curu
571 2536 672 2621 igitur
699 2534 796 2601 Liber
823 2539 917 2621 pater
944 2534 1029 2599 idem
1058 2557 1095 2600 ac
1123 2536 1173 2600 sol
1197 2535 1255 2620 sit,
1282 2535 1373 2602 Mars

308 2646 438 2690 eouero
468 2625 552 2690 idem
580 2647 618 2690 ac
646 2623 744 2689 Liber
770 2627 877 2709 pater,
905 2623 1043 2689 Martem
1071 2624 1174 2689 solem
1202 2646 1272 2690 esse
1302 2627 1373 2711 quis

362 2713 509 2780 dubitet?
555 2713 705 2780 Accitani
733 2716 846 2796 etiem,
874 2711 1021 2797 Hispana
1043 2733 1137 2799 gens,
1165 2712 1405 2784 simulacrum5

362 2802 478 2867 Martis
514 2801 612 2868 radiis
649 2805 799 2866 ornatum
836 2801 977 2864 maxima
1013 2802 1170 2886 religione
1201 2801 1375 2884 celebrant,

361 2889 391 2954 N
399 2894 487 2955 eton
516 2892 680 2954 uocantes.
730 2891 764 2953 et
791 2890 877 2953 certe
900 2889 985 2952 ratio
1008 2888 1166 2953 naturalis
1195 2888 1310 2974 exigit,
1339 2892 1405 2958 utli

362 2976 394 3041 di
421 2977 539 3042 caloris
572 2976 721 3041 caelestis
748 2979 898 3060 parentes
928 2976 1035 3062 magis
1061 2974 1248 3043 nominibus
1277 2999 1375 3062 quam

314 3084 349 3127 aa
363 3088 396 3131 re
419 3066 667 3152 substantiaque
685 3065 780 3130 diuisi
801 3066 880 3130 sint:
904 3065 1064 3130 feruorem
1084 3069 1201 3150 autem,
1224 3088 1289 3151 quo
1309 3066 1376 3131 ani-

363 3177 434 3221 mus
462 3155 677 3238 excandescit,
706 3154 924 3240 excitaturque
952 3155 1035 3219 alias
1059 3154 1100 3218 ad
1122 3156 1204 3219 mam
1230 3154 1311 3219 alias
1335 3155 1376 3220 ad

363 3245 510 3328 uirtutes,
528 3266 595 3309 non
615 3265 790 3328 numquam
809 3244 849 3309 ad
862 3243 1051 3327 temporalis
1066 3244 1185 3308 suroris
1201 3265 1378 3329 excessum,

363 3355 421 3416 per
443 3355 524 3418 quas
549 3354 601 3397 res
625 3333 722 3397 etiam
745 3333 833 3397 bella
851 3335 1035 3415 nascuntur,
1054 3331 1192 3396 Martem
1211 3332 1376 3419 cognomi-

364 3425 536 3505 nauerunt,
559 3421 649 3487 cuius
674 3421 740 3485 uim
763 3424 862 3506 poeta
886 3421 1094 3506 exprimendo
1119 3425 1152 3485 et
1175 3420 1377 3485 similitudini

328 3511 450 3598 asignia
475 3508 666 3594 adplicando
690 3511 739 3575 ait

408 3640 542 3718 μαίνετο
567 3631 598 3699 d’
625 3634 669 3711 ὡς
692 3632 731 3699 iic
745 3629 847 3719 ’Ἁρης
869 3631 1067 3717 ἐγχέσπαλος
1090 3632 1111 3717 ἢ
1135 3631 1235 3698 ὀλοὸν
1257 3642 1333 3717 πῦρ.

365 3763 423 3770 ...-
431 3762 576 3771 ..-...---

411 3811 468 3882 'ar
488 3827 569 3885 Hom.
589 3828 621 3884 11.
640 3831 662 3884 0
682 3831 733 3885 coo

436 4005 580 4061 abactus
594 4006 745 4062 ΕΝΙΑΛΙΟ(
765 4006 793 4059 P
887 4003 1105 4076 cognominatus
1119 4003 1147 4057 B
1237 4005 1253 4054 t
1273 4000 1334 4055 alta
1353 4000 1380 4055 B

367 4075 488 4132 tthrrlo
508 4076 537 4129 P
589 4077 749 4132 ledaeum
768 4075 900 4130 thrrler
951 4081 984 4131 1s
1000 4077 1141 4131 auctorem
1157 4069 1193 4128 P'
1248 4076 1282 4126 m
1298 4071 1379 4125 lrmu·

368 4146 491 4203 lachrum
510 4147 538 4202 P
589 4155 624 4205 26
644 4148 716 4203 atras
727 4153 791 4218 post
809 4148 851 4201 rrd
870 4163 919 4203 om.
940 4148 967 4201 P
1019 4145 1203 4200 81ΛΡΕΕΒ
1237 4178 1242 4190 ·
