3322 5190
423 858 491 924 470
799 855 878 913 SAT.
895 855 994 913 LIBRI
1013 856 1064 914 vll

426 1025 570 1087 creatum
585 1023 643 1105 est,
657 1024 691 1085 et
705 1042 744 1085 er
753 1020 810 1086 illo
821 1021 962 1086 nanetus
974 1024 1157 1102 ornatuum,
1167 1017 1285 1103 quibus
1299 1020 1437 1100 constat,

397 1110 499 1176 banis
522 1109 645 1195 species
668 1108 820 1176 absoluta
842 1113 900 1174 est
945 1131 1020 1173 narn
1048 1110 1132 1174 sicut
1159 1107 1320 1172 elementa
1346 1105 1437 1190 prius

427 1199 611 1283 extiterunt,
630 1203 663 1265 st
677 1197 723 1264 ita
742 1197 868 1284 reliqua
880 1220 1015 1285 corpora
1030 1198 1068 1264 de
1082 1197 1311 1264 commixtione
1324 1216 1437 1261 eorum

426 1293 534 1355 creata
557 1291 642 1373 sunt,
664 1289 712 1353 ita
729 1288 874 1354 rationes
898 1287 1079 1372 seminales,
1102 1309 1185 1372 qnae
1207 1285 1242 1351 in
1266 1306 1329 1352 uuo
1353 1288 1437 1368 sunt,

427 1379 455 1443 si
479 1376 614 1444 usnialis
638 1377 700 1442 erit
717 1377 783 1443 ista
802 1378 983 1462 translatio,
1006 1378 1096 1443 uelut
1114 1375 1271 1462 quaedam
1296 1373 1437 1460 gallinae
1463 1397 1478 1439 ι

396 1465 588 1533 belomonte
606 1465 764 1532 credenda
787 1470 874 1532 sunt.
909 1488 969 1532 nec
992 1467 1185 1568 importune·
1201 1464 1380 1547 elementis,
1399 1463 1438 1528 dc

427 1556 544 1641 quibua
577 1559 653 1620 sunt
685 1556 807 1638 omnia,
839 1577 936 1620 ouum
975 1555 1228 1640 conparauerim.
1283 1552 1317 1617 in
1349 1552 1438 1617 omni

428 1644 515 1710 enim
537 1664 655 1729 genere
678 1645 901 1727 animantium,
923 1666 1005 1729 qnae
1030 1667 1068 1709 ax
1092 1643 1232 1709 coitione
1255 1644 1438 1725 nascuntur,

428 1732 573 1797 inuenies
596 1754 693 1797 ouum
719 1732 900 1816 aliquorum
929 1753 999 1797 esse
1022 1731 1217 1818 principium
1245 1731 1347 1795 instar
1378 1729 1437 1794 ele

429 1821 540 1886 monti
590 1824 647 1884 ant
674 1821 760 1884 enim
788 1820 979 1920 gradiuntur
1011 1820 1193 1885 animantia
1220 1823 1277 1884 aut
1304 1821 1437 1903 serpunt
1451 1839 1479 1880 ro

400 1908 488 1972 ‘lant
504 1907 610 1972 nando
629 1907 811 1971 nolandouc
834 1907 958 1972 uiuunt.
1004 1908 1036 1971 in
1056 1905 1278 1992 gradientibus
1297 1905 1437 1970 lacertae

431 1998 465 2059 et
492 1995 612 2059 similia
640 2017 678 2059 ax
707 1995 777 2059 ouis
805 1999 969 2078 creantur,
996 2017 1078 2080 quas
1107 1997 1240 2079 serpunt
1267 1993 1338 2058 onis
1365 2013 1436 2057 nas·

432 2086 547 2148 cuntur
579 2082 723 2162 exordio,
751 2083 897 2148 uolantia
925 2084 1076 2148 uniuersa
1104 2082 1143 2148 de
1175 2082 1246 2147 onis
1277 2080 1438 2166 prodeunt

432 2175 563 2256 excepto
580 2193 652 2254 uno,
671 2171 755 2255 quod
771 2171 911 2237 incertae
924 2176 1061 2237 naturae
1076 2176 1134 2255 est,
1153 2193 1228 2236 nam
1247 2170 1436 2253 uespertilio

432 2260 522 2325 uolat
536 2259 664 2343 quidem
682 2259 805 2343 pellitis
820 2260 891 2343 alis,
906 2260 961 2324 sed
981 2261 1065 2325 inter
1080 2259 1223 2324 uolantia
1236 2279 1301 2324 non
1320 2256 1437 2322 haben·
1451 2279 1478 2320 rs

431 2346 491 2411 dus
514 2354 572 2431 est,
595 2347 672 2431 quia
699 2351 853 2431 quattuor
875 2347 1010 2432 pedibus
1034 2347 1194 2430 graditur,
1215 2345 1437 2429 formatosque

429 2434 535 2520 pullos
549 2436 636 2518 parit
655 2439 689 2499 at
702 2436 804 2499 nutrit
822 2436 913 2519 lacte,
932 2457 1013 2519 quos
1032 2440 1175 2520 generat
1211 2434 1324 2500 nantia
1337 2454 1437 2517 paene

431 2523 540 2588 omnia
568 2522 607 2588 dc
635 2524 705 2588 onis
734 2523 881 2588 oriuntur
909 2525 1034 2608 generis
1063 2525 1127 2603 sui,
1154 2522 1333 2589 corcodilus
1360 2543 1437 2586 nero

400 2611 528 2679 fielium
552 2610 590 2675 de
613 2612 735 2693 testeis,
758 2611 867 2694 qualia
885 2616 962 2677 sunt
980 2612 1169 2677 nolentium.
1215 2616 1248 2676 et
1270 2632 1310 2675 ne
1328 2610 1438 2674 uidear

430 2699 504 2782 plus
523 2699 624 2764 nimio
644 2699 799 2764 extulisse
823 2721 920 2764 onum
942 2701 1092 2765 elementi
1116 2699 1282 2777 uocabulo,
1305 2697 1437 2764 consule
1451 2719 1478 2759 ro

430 2789 578 2854 initiatos
592 2788 693 2852 sacris
708 2786 817 2852 Liberi
838 2788 949 2873 putris,
968 2791 1001 2853 in
1021 2789 1137 2873 quibus
1157 2789 1217 2853 hac
1233 2788 1437 2852 ueneratione

431 2900 528 2942 ouum
552 2878 681 2958 colitur,
710 2881 746 2941 ut
769 2901 806 2942 er
830 2878 936 2943 tonna
960 2880 1053 2942 tereti
1082 2901 1119 2943 ac
1147 2900 1248 2962 paene
1276 2876 1437 2960 sphaeruli

431 2971 527 3050 atque
556 2966 695 3048 undique
723 2988 851 3030 uersum
885 2968 995 3031 clausa
1023 2973 1055 3031 ct
1083 2967 1262 3031 includente
1291 2966 1375 3029 intra
1404 2987 1437 3028 se

432 3055 533 3119 uitam
570 3054 679 3118 mundi
717 3055 925 3120 simulacrum
958 3060 1103 3133 uocetur,
1140 3055 1293 3119 mundum
1330 3056 1436 3117 autern

432 3165 590 3208 consensu
609 3144 752 3207 omniurn
768 3149 896 3208 constat
911 3145 1131 3209 uniuersitatis
1147 3166 1215 3208 esse
1235 3142 1435 3228 principium.
1450 3161 1477 3203 ru

400 3232 566 3317 9prodeat
594 3233 648 3317 qui
675 3233 815 3317 priorem
845 3234 917 3299 uult
940 3257 1011 3298 esse
1039 3234 1206 3318 gallinam,
1235 3237 1267 3297 et
1294 3233 1326 3295 in
1357 3231 1437 3295 haec

432 3324 532 3387 uerba
569 3325 705 3406 temptet
742 3323 826 3406 quod
864 3322 1008 3388 defendit
1046 3323 1200 3387 adserere.
1256 3344 1352 3386 ouurn
1390 3322 1437 3385 rei

432 3411 523 3476 cuius
546 3414 596 3475 est
619 3432 675 3475 nec
699 3411 826 3475 initium
850 3435 908 3476 nec
932 3413 1004 3476 tinia
1029 3418 1086 3477 est.
1131 3435 1205 3476 narn
1230 3411 1357 3475 initiunt
1388 3420 1438 3478 est

432 3522 549 3580 semen,
572 3499 645 3564 finis
664 3502 734 3564 auis
753 3502 824 3584 ipsa
846 3502 996 3585 formata,
1019 3524 1115 3565 ouunr
1136 3523 1211 3565 uero
1231 3501 1368 3585 digestio
1389 3511 1439 3568 cst

432 3589 572 3653 seminis.
610 3610 682 3652 cum
697 3610 774 3672 ergo
790 3610 899 3653 semen
914 3591 1064 3654 animalis
1080 3592 1124 3654 sit
1138 3595 1171 3654 et
1185 3611 1280 3654 ouum
1296 3591 1438 3674 seminis,
1452 3608 1479 3647 ³⁰

432 3699 529 3742 ouum
559 3681 633 3741 ante
657 3677 778 3741 animal
801 3699 871 3741 ease
898 3701 963 3743 non
995 3680 1101 3762 potuit
1128 3680 1211 3743 siout
1238 3699 1302 3742 non
1330 3684 1439 3763 potest

381 3773 422 3838 10
432 3765 570 3850 digestio
595 3764 659 3829 cibi
683 3765 762 3849 fieri,
785 3771 955 3849 antequam
980 3769 1025 3831 sit
1047 3768 1102 3850 qui
1126 3767 1198 3831 edit.
1244 3771 1277 3829 et
1299 3768 1364 3832 tale
1388 3774 1439 3833 est

432 3854 549 3936 dicere,
576 3875 673 3918 ouum
702 3858 776 3918 ante
805 3855 959 3936 gallinam
984 3856 1119 3938 factum,
1149 3877 1185 3919 ac
1214 3855 1313 3937 siquis
1342 3856 1439 3934 dicat,

503 4078 740 4147 tcoparauorlP
794 4084 824 4130 12
840 4086 1009 4146 quae-13
1024 4079 1135 4134 exordio
1151 4095 1199 4135 om.
1215 4077 1251 4133 P'
1308 4084 1340 4132 13
1356 4080 1442 4133 οιιιΡ

433 4153 465 4200 15
485 4148 562 4203 alitis
581 4146 617 4200 P‘
674 4153 707 4201 16
728 4153 846 4216 quatuor
868 4150 895 4203 P
950 4156 981 4205 18
1000 4150 1180 4205 corcodnllul
1197 4151 1225 4204 P
1277 4156 1308 4204 21
1331 4149 1444 4205 sacnP

431 4224 465 4273 ιι
484 4218 584 4294 sperati
604 4219 632 4272 P
