3322 5190
330 824 395 889 236
706 823 781 880 ΕΔΤ.
799 823 896 879 LIBRI
915 823 966 878 llll

542 985 649 1069 prima
671 985 757 1049 inter
777 983 905 1070 limine,

331 1095 351 1139 a
373 1093 472 1140 eausa

542 1160 688 1246 possedit
709 1159 845 1226 adulter.

278 1280 432 1352 aenens
459 1306 587 1371 quoque
614 1288 649 1350 et
676 1284 768 1371 qussi
796 1305 855 1369 per
881 1284 1103 1351 definitionem
1130 1283 1251 1370 pathos
1279 1306 1344 1350 mo

331 1396 408 1442 uere
436 1375 534 1459 solet,
561 1396 634 1440 oum
662 1395 728 1459 res,
753 1396 837 1528 guae
865 1375 1106 1441 miserationem
1128 1378 1253 1459 mouet,
1279 1397 1344 1441 non
1372 1393 1385 1433 ⁵

331 1463 468 1531 dilucide
505 1463 623 1531 dieitur
660 1462 717 1532 sed
775 1468 848 1529 atur
883 1464 1044 1550 intellegi,
1084 1467 1121 1529 ut
1156 1486 1229 1529 oum
1266 1464 1346 1529 dicit

330 1549 510 1619 Mezentius

546 1663 632 1707 nune
655 1641 721 1706 alte
744 1641 862 1707 uulnus
885 1640 1043 1707 adactum.

333 1764 411 1851 quid
434 1767 520 1831 enim
544 1762 632 1829 uliud
655 1785 694 1829 ex
716 1764 780 1830 hoo
802 1765 1055 1851 intellegendum
1078 1769 1138 1849 est,
1162 1786 1259 1849 quam
1282 1763 1345 1828 hoe

281 1858 324 1922 24
334 1855 437 1919 altum
465 1853 581 1918 uulnus
609 1873 680 1917 esse
709 1852 858 1918 amittere
886 1853 1010 1918 filium?
1060 1856 1093 1918 et
1119 1874 1231 1917 rursus
1258 1852 1341 1917 idem
1361 1871 1386 1910 ιο

379 1975 460 2040 haee
483 1975 537 2039 uia
560 1975 631 2040 sola
653 1973 717 2038 luit
739 1996 802 2058 qua
824 1974 956 2058 perdere
978 1995 1100 2058 posses.

336 2095 392 2161 sed
420 2101 454 2161 et
476 2096 530 2160 hio
553 2097 677 2161 seilicet
699 2095 920 2180 accipiendum
944 2098 1007 2178 est,
1033 2098 1137 2181 perire
1160 2117 1230 2162 esse
1254 2096 1345 2161 amit·

335 2189 404 2249 tere
427 2183 539 2248 filium.
585 2187 618 2248 et
640 2181 778 2248 Iuturna
800 2205 873 2249 oum
897 2185 1056 2270 queritur,
1083 2184 1168 2270 quod
1193 2183 1346 2249 adiuuare

334 2271 468 2338 fratrem
491 2271 703 2355 prohibentur

548 2394 743 2460 immortalis
765 2395 849 2480 ego?
1362 2411 1386 2452 ¹⁶

283 2517 413 2603 utquid
440 2516 526 2582 euim
554 2519 720 2604 sequitur?
769 2540 837 2583 non
864 2523 914 2582 est
940 2519 1170 2584 immortalitas
1199 2519 1234 2583 in
1257 2520 1345 2584 luotu

335 2607 454 2672 uiuere.
499 2607 593 2690 haee,
621 2612 657 2672 ut
683 2607 763 2689 dixi,
790 2609 856 2672 uim
884 2606 1083 2672 delinitionis
1110 2607 1244 2692 habent,
1272 2610 1347 2673 eta

337 2699 434 2779 poeta
458 2696 623 2779 eleganter
645 2694 830 2760 introducta
854 2699 938 2760 sunt.

296 2785 325 2851 V
425 2782 508 2850 Sunt
545 2785 578 2848 in
616 2789 686 2848 orte
723 2783 884 2847 rhetorice
922 2784 962 2848 od
999 2783 1116 2867 pallios
1150 2784 1345 2849 mouendum

336 2874 434 2938 etiem
462 2874 496 2938 hi
526 2874 602 2954 loni,
630 2874 685 2957 qui
708 2871 858 2954 dicuntur
881 2873 983 2936 eires
1006 2895 1097 2958 reru,
1124 2877 1156 2936 et
1179 2875 1345 2938 monendis
1360 2893 1387 2930 so

337 2961 508 3027 effectibus
539 2961 772 3044 peropportuni
800 2965 883 3025 sunt.
934 2983 972 3025 ex
1001 2962 1117 3045 quibus
1146 2963 1267 3044 primus
1297 2969 1347 3026 est

337 3072 357 3113 a
376 3050 527 3114 simili.
568 3049 664 3112 huius
685 3049 807 3132 speeies
826 3053 902 3112 sunt
920 3051 986 3112 tres
1006 3050 1218 3131 exemplum
1238 3072 1346 3134 para-

336 3137 426 3202 bola
463 3139 602 3221 imago,
639 3135 761 3201 Graece
796 3136 1004 3221 παράδειγμα
1034 3139 1206 3221 παραβολή
1239 3137 1345 3201 εἰκών.

306 3226 380 3295 2eb
404 3225 551 3309 exemplo
574 3223 739 3309 Vergilius

383 3349 410 3412 ai
435 3349 540 3431 potuit
563 3347 676 3411 Mones
699 3369 859 3412 accersere
883 3347 1028 3430 colungis
1052 3346 1198 3431 Orpheus

382 3437 530 3502 'l‘lireieia
555 3439 653 3501 l'rotus
678 3438 803 3501 eitluura
827 3436 1004 3520 lidibuequo
1029 3438 1168 3519 uetueris,

383 3528 410 3589 si
434 3517 567 3590 lr'atrem
590 3525 705 3588 Pollux
730 3526 853 3595 alterno
877 3529 979 3588 monte
1003 3525 1151 3602 redemit,

596 3663 602 3674 .
626 3663 632 3674 .
656 3663 662 3674 .
687 3661 694 3676 .
717 3612 793 3694 quid
816 3611 944 3675 Thesea
966 3632 1133 3694 magnum,

338 3719 529 3727 -—---..

408 3783 619 3839 Menneu
657 3790 686 3836 11
704 3782 848 3839 iuxsw
888 3784 1102 3840 ransmissa
1139 3792 1173 3838 uo
1189 3786 1225 3839 ib.
1241 3788 1346 3842 Vllio

406 3961 634 4015 admunitionem
650 3962 677 4012 P
713 3965 729 4013 8
744 3960 874 4014 adactum
892 3960 1139 4030 Cantabriam-usis:
1154 3962 1305 4017 adauctum
1322 3967 1350 4018 P

337 4035 369 4084 15
389 4046 441 4100 ego
460 4048 509 4085 oon
533 4032 559 4084 P
575 4033 651 4099 (ortd.
672 4030 915 4100 Gontutetyioieis)
959 4038 990 4085 lo
1015 4033 1089 4099 quod
1105 4051 1136 4101 p,
1155 4033 1231 4100 quud
1246 4035 1274 4088 P
1313 4041 1345 4088 17

337 4099 552 4156 d1ff1n1t1onirP
587 4101 813 4158 20h1eloersP
846 4103 1130 4158 23ΠΛΡΛΔΙΓΜΑΡ
1165 4109 1198 4158 ‘lo
1213 4106 1349 4159 treiciuP

336 4170 481 4228 fretusom.
492 4171 529 4227 P'
572 4173 689 4241 cythera
699 4171 769 4226 sulib
775 4190 810 4242 3q.
822 4171 932 4226 canoris
940 4175 969 4228 in
982 4190 1036 4230 ros.
1048 4175 1079 4229 in
1090 4175 1117 4228 P
1150 4180 1184 4228 st
1195 4176 1308 4230 redimit
1319 4174 1348 4228 P
