3322 5190
433 805 486 861 vn
506 812 610 863 re-ro
634 806 698 861 vm
718 812 786 862 1-a
1055 805 1120 873 1197

103 964 223 1033 deeius
244 966 280 1030 in
302 965 466 1051 Pelopidis
489 967 539 1031 ita
562 967 677 1033 scribit

148 1090 219 1155 eina
242 1089 402 1174 serpentis
426 1110 582 1174 squamae
605 1089 753 1174 squalido
777 1110 856 1154 auro
880 1090 915 1154 et
936 1110 1081 1174 purpure

147 1179 343 1262 praetextae.

104 1299 259 1389 quidquid
290 1300 392 1388 igitur
421 1301 519 1368 nimis
547 1300 746 1367 inenluatnm
774 1300 982 1386 obsitumque
1009 1299 1172 1387 aliquale

75 1402 141 1458 ‘re
169 1394 253 1477 erat,
279 1393 317 1456 nt
338 1391 498 1458 incuteret
521 1390 703 1456 uisentibus
726 1389 809 1457 laeie
832 1412 919 1457 noua
941 1390 1120 1476 horrorem,

103 1481 137 1547 id
172 1481 355 1568 squalere
387 1481 563 1547 dioebatur.
619 1480 665 1547 sie
697 1480 731 1546 in
764 1480 954 1567 corporibus
986 1480 1119 1548 incultis

103 1570 349 1657 squamosisque
378 1570 447 1636 alto
468 1571 637 1657 congeries
661 1570 806 1636 sordium
829 1571 988 1656 squalor
1010 1573 1126 1657 appel·-

103 1660 199 1745 latur,
218 1660 309 1726 euius
328 1659 577 1746 significationis
597 1661 701 1726 multo
721 1659 916 1746 assiduoque
935 1682 997 1725 usn
1011 1663 1118 1725 totum

105 1747 139 1813 id
170 1749 305 1814 uerbum
337 1749 386 1813 ita
417 1749 675 1814 corrtnminatum
709 1754 772 1834 ost,
804 1751 842 1813 ut
868 1750 934 1814 iam
962 1749 1120 1834 squalor

64 1854 91 1897 ιο
105 1836 144 1903 de
176 1860 212 1904 re
244 1839 310 1904 alia
340 1839 431 1904 nulla
464 1860 561 1923 quam
595 1838 634 1903 de
667 1839 746 1904 solis
774 1837 1028 1923 inquinamentis
1056 1837 1119 1905 diui

102 1925 265 2012 coeperit?

191 2049 341 2116 ‘Gratum
365 2051 445 2115 mihi
469 2049 530 2116 est'
551 2050 694 2116 Auienus
717 2051 765 2115 ait
787 2048 979 2114 ‘correctum
998 2048 1172 2135 quodVlII

103 2138 143 2203 da
174 2138 307 2221 optimis
335 2138 430 2202 dietis
458 2140 542 2202 male
571 2138 738 2220 opinabar.
788 2138 844 2201 sed
872 2138 906 2201 in
934 2138 996 2202 boo
1023 2160 1119 2202 uersu

106 2224 236 2290 uidetur
258 2224 338 2290 mihi
362 2225 473 2289 deesse
497 2224 621 2309 aliquid

65 2366 92 2409 1⁵
151 2348 220 2434 ipse
244 2348 403 2425 Quirinali
428 2348 509 2414 lituo
533 2369 697 2432 paruaque
721 2345 855 2412 sedebat

149 2437 331 2504 succinctus
354 2437 477 2503 trabea.

107 2562 134 2626 si
158 2562 244 2627 anim
268 2562 352 2627 nihil
376 2563 487 2627 ‹loesso
511 2561 729 2645 concedimus,
753 2563 855 2626 restat
877 2564 915 2624 nt
936 2562 994 2625 liat
1017 2560 1117 2625 lituo

107 2655 146 2715 et
185 2651 323 2716 trabea
362 2651 599 2735 succinctus,
641 2648 725 2736 quod
764 2653 814 2714 est
850 2649 1119 2714 absurdissimum

107 2736 227 2824 qnippe
251 2761 322 2804 enm
345 2739 446 2803 lituus
471 2740 515 2803 sit
537 2739 632 2824 uirga
655 2737 763 2803 breuis
786 2737 821 2801 in
844 2741 952 2822 parte,
980 2759 1045 2821 qua
1066 2759 1118 2802 ro·

65 2826 234 2891 robustior
257 2829 320 2911 ost,
344 2827 492 2910 ineurua,
515 2848 579 2910 qua
601 2846 739 2910 augures
761 2828 909 2909 utuntur,
932 2846 990 2889 neo
1014 2823 1119 2908 uideo,

106 2914 247 2998 qualiter
269 2914 350 2978 lituo
374 2915 556 2979 succinctus
579 2916 685 2998 possit
707 2912 832 2978 uideri?

194 3001 376 3087 Respondit
394 3003 536 3086 Seruius,
559 3004 604 3067 sio
627 3003 689 3067 hoe
712 3001 833 3066 dietum
856 3022 935 3083 osse,
958 3003 996 3066 ut
1013 3002 1149 3087 plera-2

104 3112 166 3176 qno
200 3090 263 3155 diei
296 3115 355 3177 por
382 3091 593 3157 ‹leleolionorn
621 3092 741 3174 solent,
769 3091 871 3156 uoluti
899 3113 972 3157 oum
1000 3089 1120 3156 dieitur

107 3180 149 3246 Μ.
175 3178 313 3247 Gioero
341 3181 453 3247 lronro
482 3204 619 3266 niagno
647 3181 871 3267 eloquentia
898 3183 932 3246 et
955 3180 1118 3247 Roscius

65 3289 93 3332 as
107 3269 252 3336 histrio
271 3292 416 3335 summa
435 3275 657 3355 neuustate‚
679 3293 744 3337 non
764 3270 897 3356 plenum
917 3271 979 3336 hoo
996 3274 1118 3336 utrum·

107 3380 168 3448 qne
191 3381 296 3444 neque
319 3360 496 3442 perfectum
521 3364 580 3441 est,
603 3360 658 3424 sed
683 3360 768 3424 enim
792 3383 851 3444 pro
875 3359 971 3444 pleno
991 3382 1028 3426 ae
1045 3382 1118 3445 per-

106 3448 193 3515 feeto
217 3448 355 3514 auditur.
400 3454 438 3514 ut
461 3449 624 3535 Vergilius
649 3449 715 3515 alio
738 3449 773 3513 in
795 3452 868 3515 loco
1129 3453 1150 3517 3

149 3572 307 3639 uiatorem
330 3573 437 3639 Buten
462 3574 584 3638 inmani
608 3595 744 3660 eorpore

104 3696 137 3762 id
162 3701 213 3762 est
235 3718 374 3782 eorpus
398 3698 553 3761 inmane
576 3697 795 3782 habentem,
818 3696 954 3761 etitem
977 3696 1057 3761 alibi

106 3827 318 3840 ...ι-..ιο-

175 3912 191 3960 2
211 3922 238 3960 n.
258 3910 310 3960 617
329 3906 372 3960 ed.
392 3910 409 3958 2
428 3904 510 3961 Ribb.
581 3910 613 3960 15
632 3905 700 3961 Aen.
722 3905 773 3959 vll
793 3910 843 3961 187
912 3911 946 3961 28
964 3905 1001 3961 ib.
1023 3904 1047 3961 V
1064 3911 1116 3960 872

105 4026 189 4034 -.—-.
194 4026 290 4034 ..ι-ι-
296 4027 318 4034 ι.-

177 4104 190 4153 1
211 4098 355 4169 Pelopidis
376 4098 495 4153 Gellius:
514 4098 695 4170 peloprdrbul
710 4099 738 4152 Ρ
807 4104 838 4153 11
859 4099 969 4173 eppent
985 4099 1015 4156 P
1083 4104 1119 4154 11

106 4164 182 4225 murt
201 4170 229 4224 Ρ
286 4176 321 4225 28
340 4186 458 4224 immam
476 4171 504 4224 P
572 4175 606 4226 29
625 4185 747 4225 immane
769 4170 796 4224 P
