3322 5190
326 832 389 897 158
715 831 793 889 SA'I.
812 831 910 887 LIBRI
924 833 949 887 II

270 991 353 1060 VIII
414 994 476 1060 His
514 994 609 1059 dietis
642 999 675 1059 et
706 995 847 1059 excitata
880 994 1005 1058 laetitia
1036 1015 1109 1058 cum
1142 994 1176 1059 in
1209 996 1336 1060 Anieno

322 1084 479 1148 memoria
502 1084 619 1148 florida
638 1087 671 1146 et
689 1083 871 1148 amoenitas
891 1081 1076 1147 laudaretur
1096 1084 1228 1168 ingenii,
1251 1106 1337 1148 men·

292 1168 377 1238 fleas
405 1170 562 1237 secundas
590 1171 739 1235 minister
765 1170 916 1235 admouit.
964 1174 997 1234 et
1021 1169 1196 1236 Flauianus
1220 1170 1336 1254 ‘multi

322 1264 360 1327 ut
382 1261 527 1347 aestimo,
551 1261 585 1325 in
607 1260 670 1325 hoc
693 1257 904 1326 aVeanoun
923 1258 1127 1344 dissentiunt,
1150 1260 1206 1344 qui
1224 1261 1260 1324 in
1277 1260 1336 1325 illa

322 1351 524 1437 lepidissima
551 1353 662 1417 satura
685 1348 870 1436 Menippea,
898 1373 979 1434 quae
1002 1350 1190 1415 inscribitur
1213 1368 1335 1416 ruscis
1363 1382 1376 1420 a

323 1458 409 1519 Qvln
435 1458 569 1506 vasania
587 1458 713 1525 vanna,
737 1440 776 1505 de
798 1439 939 1504 secunda
961 1462 1073 1504 mensa
1096 1440 1264 1524 placentae
1287 1462 1334 1504 rc·

324 1531 436 1613 mouit,
458 1530 515 1595 sed
534 1547 654 1613 quaeso
674 1530 771 1611 dicas,
790 1527 938 1614 Caecina,
958 1529 1056 1594 uerba
1074 1529 1146 1612 ipsa
1164 1526 1335 1609 Varronis,

291 1615 351 1684 3si
375 1619 436 1685 tibi
464 1619 623 1685 beneficio
652 1619 828 1683 memoriae
856 1617 1030 1682 tenacioris
1058 1617 1253 1683 lraaserunt'.
1301 1623 1334 1682 et

323 1706 464 1772 Albinus
492 1705 608 1772 ‘locus’
641 1708 750 1791 iuquit
771 1706 942 1772 ‘Varronis
970 1728 1064 1790 quern
1092 1707 1206 1771 referri
1235 1729 1255 1771 a
1283 1729 1334 1770 me

322 1795 464 1880 imperas
485 1795 520 1858 in
542 1795 595 1859 his
618 1794 684 1859 fere
707 1795 815 1858 uerbis
839 1800 889 1859 est
916 1795 1083 1859 bellaria
1106 1816 1148 1858 ea
1171 1796 1333 1858 maxime
1352 1825 1375 1862 ιο

324 1886 412 1947 sunt
435 1883 598 1962 melltta,
625 1904 721 1966 quae
745 1883 897 1947 mellita
919 1903 993 1946 non
1018 1887 1123 1963 aunt,
1152 1882 1333 1947 dulcibus

324 1970 422 2033 enirn
445 1990 527 2034 eum
545 1968 642 2045 πέψει
662 1970 829 2034 societas
847 1969 979 2034 infida.
1018 1969 1205 2052 significant
1223 1975 1333 2035 autem

324 2056 490 2122 bellaria
522 2079 618 2121 omne
646 2078 775 2121 mensae
803 2057 961 2122 secundae
989 2079 1100 2142 genus.
1146 2080 1222 2122 nam
1250 2080 1334 2142 quae

322 2141 473 2230 πέμματα
501 2143 618 2209 Graeci
650 2146 702 2210 uel
730 2146 920 2230 τραγήματα
948 2146 1111 2227 (linerent,
1143 2167 1181 2210 ea
1207 2153 1334 2210 ueteres

325 2234 429 2298 nostri
449 2233 655 2318 appellancre
674 2233 856 2318 bellarIa,
879 2235 955 2298 uina
974 2255 1102 2319 qnoque
1122 2234 1267 2299 dulciora
1286 2241 1336 2298 est
1353 2261 1377 2302 n

323 2321 471 2386 inuenire
508 2323 542 2385 in
579 2321 754 2386 comoediis
792 2322 1031 2404 antiquioribus
1070 2323 1133 2386 hoe
1164 2323 1336 2405 uocabulo,

324 2409 410 2475 dieta
433 2431 472 2474 ue
495 2431 533 2474 ea
556 2409 686 2474 Liberi
711 2409 905 2474 bellaria'.

411 2432 459 2562 bt
481 2498 668 2583 Euangelus
692 2496 800 2582 ‘agita
824 2502 998 2582 antequam
1022 2498 1217 2583 surgendum
1241 2498 1337 2562 nobis

324 2584 381 2668 sit,
408 2586 483 2650 uino
511 2585 751 2670 indulgeamus,
779 2585 865 2670 quod
894 2586 1013 2651 decreti
1037 2587 1234 2652 Platonici
1263 2608 1336 2651 suc·

323 2675 456 2739 toritate
479 2673 648 2756 faciemus,
671 2675 726 2760 qni
750 2675 949 2759 aestimauit,
973 2675 1120 2740 fomItem
1144 2697 1214 2740 ease
1238 2696 1336 2760 quen·
1351 2704 1377 2743 su

324 2762 400 2828 dam
432 2767 465 2828 et
492 2764 712 2849 ignitabulum
738 2764 860 2849 ingenii
888 2765 1095 2850 uirtutisque,
1127 2766 1155 2829 si
1184 2787 1275 2830 mens
1304 2770 1337 2828 et

325 2875 441 2938 corpus
465 2853 606 2918 hominis
629 2853 706 2918 uino
730 2851 867 2938 flagret'.

294 2936 315 3000 5
413 2942 504 3006 'Inue
531 2942 726 3007 Eustathins
759 2940 850 3026 ‘quid
879 2941 961 3026 agis’
995 2943 1102 3026 inquit
1134 2942 1336 3027 ‘Euangelel

325 3052 367 3095 aa
390 3029 562 3094 Platonem
586 3030 739 3095 aestimas
759 3030 936 3094 haurienda
953 3032 1076 3113 passim
1099 3032 1177 3095 uina
1195 3033 1336 3095 suasisse

326 3122 359 3181 et
386 3139 450 3180 non
480 3118 585 3200 magis
611 3119 695 3182 inter
719 3119 845 3182 minuta
870 3120 987 3201 pocula
1010 3119 1230 3183 iucundiorem
1255 3118 1334 3181 libe·
1350 3147 1376 3185 aa

328 3207 543 3289 ralioremque
567 3207 807 3284 incitationem,
836 3229 917 3291 quae
941 3207 1034 3271 fieret
1056 3207 1116 3272 sub
1140 3207 1334 3292 quibusdam

326 3296 419 3380 qnasi
449 3294 580 3360 arbitris
609 3300 642 3361 et
669 3296 834 3382 magistris
863 3297 1086 3361 conuiuiorum
1110 3297 1241 3382 sobriis,
1269 3320 1335 3362 nou

326 3385 550 3469 improbasse?
597 3390 630 3450 et
657 3387 719 3450 hoc
746 3392 809 3471 cst,
836 3386 921 3472 quod
950 3387 983 3450 iu
1010 3388 1114 3471 primo
1138 3393 1171 3451 et
1195 3388 1335 3452 secundo

295 3470 1147 3559 dmlqmmnmimfflonmenomoema
1197 3480 1337 3541 mmet

326 3563 462 3628 modicis
476 3563 685 3648 honestisque
699 3564 784 3627 inter
799 3564 973 3628 bibendum
988 3566 1234 3630 remissionibus
1247 3566 1334 3630 retici
1350 3595 1377 3634 so

292 2493 315 2557 4

397 3721 531 3796 biragm.
551 3720 594 3775 ed.
615 3718 697 3774 Riese
715 3738 741 3790 p.
760 3727 809 3775 176
868 3726 899 3774 19
919 3720 991 3775 Plat.
1011 3720 1085 3792 legg.
1105 3731 1132 3792 p‘.
1153 3724 1241 3777 671ss

398 3865 462 3917 let
479 3880 529 3918 om.
551 3864 577 3916 B
658 3863 841 3917 tadmonurt
860 3864 887 3916 B
963 3863 1082 3919 tiatira
1101 3864 1128 3917 P
1206 3864 1284 3918 noers
1299 3863 1333 3917 13'

327 3994 358 4042 12
377 3986 455 4057 pepli
475 3987 534 4055 PB,
554 3986 662 4056 passio
742 3994 774 4040 14
793 3988 966 4056 ΠΕΜΜΛΤΑ
986 3987 1013 4040 Β
1089 3989 1337 4042 rememorari

326 4064 358 4113 16
377 4074 473 4112 rnnenr
492 4057 526 4110 B'
565 4057 699 4113 comedul
711 4058 738 4111 P
771 4057 1067 4130 20quralpl'trman1t
1086 4059 1114 4112 P
1148 4065 1182 4112 24
1201 4058 1337 4113 aurrcnda

325 4123 360 4183 B‘
415 4127 488 4198 pam
506 4145 556 4185 ona
577 4126 613 4182 P'
669 4133 703 4181 to
722 4130 912 4184 iocundrorem
931 4129 959 4182 B
1018 4134 1051 4183 27
1071 4128 1095 4182 ts
1114 4128 1204 4198 magis
1220 4129 1248 4182 B
1302 4134 1337 4181 30

323 4199 528 4256 remissioribus
547 4201 564 4255 b
