3322 5190
748 798 828 853 Vllll
848 803 935 853 1-10
1281 799 1345 864 187

330 957 449 1023 tutelae
472 978 552 1023 suae
575 978 695 1023 nomen
719 956 955 1043 diuulgaretnr.
999 958 1053 1026 sed
1078 958 1268 1044 uidendum,
1295 961 1376 1042 ned

332 1044 416 1130 quod
440 1066 505 1111 non
528 1045 612 1111 nulli
635 1045 721 1111 male
745 1045 1014 1130 aestimauerunt,
1035 1069 1096 1113 nos
1120 1068 1247 1133 quoque
1271 1069 1345 1113 con-

329 1134 444 1200 fundat
480 1134 653 1218 opinantes
690 1156 754 1200 uno
787 1136 932 1201 carmine
965 1139 1000 1201 et
1031 1135 1160 1201 euocari
1193 1157 1231 1200 ex
1264 1136 1345 1202 urbe

332 1222 439 1308 aliqua
465 1223 557 1305 deos,
587 1227 621 1287 et
647 1224 751 1306 ipsam
776 1224 928 1289 deuotam
951 1225 1022 1289 fieri
1046 1224 1221 1290 ciuitatem.
1266 1246 1344 1290 nam

284 1334 307 1374 a
335 1312 456 1397 repperi
478 1312 512 1377 in
535 1330 643 1378 nrrrao
663 1330 794 1391 ovruno
814 1313 941 1379 Itnuvrr
960 1330 1236 1380 naconmmavu
1256 1310 1344 1378 Ssu-

332 1419 451 1467 noruc1
484 1400 614 1467 Selium
653 1408 824 1489 utrumqne
857 1425 1000 1486 carmon,
1037 1402 1122 1487 quod
1154 1401 1209 1467 ille
1242 1424 1277 1467 se
1310 1404 1342 1466 in

331 1491 493 1556 cniusdam
522 1490 617 1556 Fvnu
643 1509 897 1559 urervsmssruo
926 1511 1030 1558 nrum)
1059 1491 1240 1577 repperisse
1268 1514 1342 1577 pro·

333 1581 431 1647 imaus
463 1583 523 1645 est
578 1583 628 1645 est
660 1584 767 1647 autem
795 1604 926 1648 carmen
956 1582 1051 1648 huius
1080 1581 1180 1666 modi,
1212 1602 1276 1665 quo
1309 1580 1371 1648 dil

331 1673 512 1754 enecantur,
534 1691 606 1735 cum
630 1672 874 1757 oppugnatione
897 1672 1012 1739 ciuitas
1036 1671 1179 1756 cingitur

278 1780 313 1822 ro
415 1761 447 1825 si
472 1759 577 1843 deus,
605 1759 637 1824 si
661 1761 730 1826 dea
753 1764 825 1844 ost,
852 1761 910 1826 cui
934 1760 1099 1846 populus
1123 1757 1342 1843 ciuitasque

331 1846 669 1933 Carthaginiensis
697 1854 757 1915 est
783 1852 822 1917 in
851 1851 992 1935 tutela,
1023 1855 1136 1936 toque
1164 1847 1343 1935 maxime,

331 1938 394 2004 ille
426 1940 489 2025 qui
524 1938 631 2005 urbis
663 1938 777 2004 huius
804 1940 1018 2026 populique
1046 1938 1212 2004 tutelam
1241 1959 1342 2003 rece-

329 2028 433 2114 pisti,
469 2049 607 2114 precor
639 2050 880 2116 uenerorque
912 2029 1141 2113 ueniamque
1174 2049 1194 2092 a
1226 2028 1343 2093 uobis

330 2120 427 2202 peto,
455 2121 496 2183 ut
522 2138 591 2182 uos
618 2118 800 2201 populum
829 2119 1110 2201 ciuitatemque
1133 2112 1341 2202 Carthagi·

291 2206 494 2272 ueniensem
525 2205 729 2289 deseratis,
762 2206 847 2273 loca
878 2206 1024 2290 templa
1052 2226 1163 2271 sacra
1189 2205 1341 2270 urbem-

331 2317 396 2379 que
433 2316 564 2360 eorum
600 2293 854 2379 relinquatis,
896 2296 1041 2381 absque
1077 2294 1137 2358 his
1175 2293 1341 2379 abeatis,

331 2385 433 2468 eique
456 2383 598 2468 populo
622 2383 780 2449 ciuitati
805 2387 946 2450 nictum
970 2382 1216 2450 formidinem
1242 2382 1370 2449 obli-8

332 2472 476 2539 uioncm
513 2471 704 2558 iniciatis,
744 2474 969 2561 proditique
1006 2473 1163 2539 Romam
1201 2472 1246 2537 ad
1282 2494 1339 2538 me

331 2584 505 2648 meosque
523 2563 708 2643 nemetis,
727 2567 939 2649 nostraque
957 2563 1069 2629 uobis
1088 2563 1176 2628 loca
1195 2562 1342 2647 templa

300 2673 435 2717 neaera
453 2651 545 2717 urbs
564 2653 761 2735 acceptior
779 2653 1061 2737 probatiorque
1079 2651 1148 2735 sit,
1170 2651 1341 2736 mihique

330 2741 545 2825 populoque
568 2739 737 2805 Romano
760 2741 1034 2824 militibusque
1058 2739 1152 2803 meis
1175 2737 1340 2823 propitii

331 2828 427 2911 aitis,
450 2832 492 2892 ut
510 2827 675 2893 sciamus
698 2827 1062 2914 intellegamusque.
1109 2828 1142 2892 si
1161 2826 1219 2890 ita
1240 2827 1341 2891 iece-

330 2915 429 2998 ritia‚
458 2937 580 2981 uoueo
608 2915 722 2981 uobis
750 2917 895 3002 templa
923 2917 1110 3000 ludosque
1138 2914 1339 2979 facturum.

412 3004 449 3069 ln
480 3003 591 3069 eadem
622 3003 722 3069 uerba
751 3004 877 3071 hostias
909 3004 979 3071 fieri
1007 3006 1137 3091 oportet
1163 3002 1369 3070 auctorita-ll

298 3098 451 3181 ratemque
464 3092 567 3160 uideri
587 3097 746 3178 extorum,
765 3099 801 3161 ut
820 3117 859 3161 ea
876 3095 1071 3181 promittant
1089 3095 1208 3159 lutura.
1240 3093 1339 3158 urbes

328 3206 402 3250 uero
443 3182 667 3268 exercitusque
709 3185 756 3252 sic
797 3185 999 3251 deuouentur
1040 3185 1107 3248 iam
1148 3181 1338 3248 numinibus

329 3274 479 3358 euocatis,
511 3273 566 3338 sed
598 3272 773 3340 dictatores
805 3275 1082 3360 imperatoresque
1110 3273 1172 3338 soli
1200 3274 1340 3357 possunt

328 3364 481 3430 deuouere
503 3360 555 3427 his
577 3363 688 3428 uerbis

412 3452 480 3518 Dis
517 3455 626 3537 pater
658 3450 814 3519 Veiouis
846 3452 994 3538 Manes,
1031 3452 1113 3517 siue
1150 3474 1223 3536 quo
1260 3450 1392 3519 alioIO

296 3542 479 3609 eonomine
520 3541 580 3607 fas
622 3545 682 3608 est
722 3542 936 3627 nominare,
977 3545 1017 3606 ut
1059 3563 1189 3608 omnes
1230 3540 1338 3606 illam

328 3634 455 3699 urbem
484 3629 764 3718 Carthaginem
796 3634 1096 3717 exercitumque,
1128 3652 1238 3716 quem
1269 3650 1339 3715 ego

395 3822 577 3881 secudans
592 3825 621 3881 Β
688 3826 806 3882 osenrn
825 3827 882 3882 BP
947 3846 1001 3901 quq
1020 3825 1071 3882 ille
1089 3826 1118 3880 P
1178 3824 1290 3880 lluenr
1312 3824 1340 3878 Β

328 3895 439 3952 thoral
455 3894 540 3952 modo
559 3892 598 3951 P'
651 3902 683 3951 11
703 3899 925 3971 cartagrlmaul'rs
935 3900 964 3954 P
1012 3905 1046 3954 14
1064 3897 1151 3969 pho*
1167 3896 1195 3951 P
1247 3895 1337 3951 carta·

327 3968 474 4037 gualensem
491 3968 519 4022 P
574 3974 606 4023 17
625 3972 731 4024 metum
750 3986 800 4025 om.
821 3970 849 4025 P
900 3976 935 4026 20
954 3971 1024 4025 mrhr
1043 3987 1126 4040 quoq.
1145 3969 1172 4022 Β
1226 3972 1256 4021 al
1274 3983 1337 4037 pro·

328 4039 388 4109 pitii
411 4040 547 4110 Perottus
567 4040 707 4111 Pheioloqi
727 4042 863 4096 XXXII
881 4047 948 4098 567:
972 4041 1111 4113 propositi
1131 4039 1186 4095 BP
1238 4042 1271 4092 2⁹
1292 4038 1336 4092 uel

328 4111 505 4181 *rourshed
523 4111 576 4237 llqt
594 4130 604 4166 1
622 4115 791 4182 scripserat
809 4115 868 4168 uid.
888 4133 906 4168 o
926 4113 975 4182 P')
993 4114 1021 4167 P
1095 4112 1151 4165 hue
1171 4110 1222 4165 noi
1237 4127 1294 4179 quo
1313 4111 1341 4164 P

329 4188 358 4236 el
378 4187 521 4252 cartagine
