3442 5190
772 779 811 834 xl
828 782 917 833 4-ra
1310 779 1355 845 49

343 941 522 1009 ostenderis
553 940 625 1028 quis
657 961 725 1006 non
752 938 805 1006 sit.
856 940 939 1006 alius
967 937 1095 1006 libidini
1124 939 1239 1027 seruit,
1272 941 1354 1009 aliua

343 1031 512 1116 auaritiae,
538 1031 621 1097 aliua
645 1029 830 1113 ambitioni,
857 1051 970 1096 omnes
994 1029 1076 1115 spei,
1100 1051 1212 1096 omnes
1234 1030 1356 1098 timori.

343 1125 487 1187 etberto
514 1120 605 1186 nulla
631 1120 769 1186 seruitus
798 1119 924 1205 turpior
952 1141 1049 1205 quam
1076 1120 1271 1186 uoluntaria.
1320 1120 1385 1187 aaa

343 1232 400 1277 nos
432 1212 509 1297 iugo
541 1234 561 1275 a
591 1210 723 1277 fortuna
754 1209 909 1294 imposito
937 1210 1158 1276 subiacentem
1187 1213 1355 1297 tamquam

320 1300 494 1366 amisorum
525 1300 687 1384 uilemque
720 1300 894 1383 caleamus,
926 1297 1011 1385 quod
1039 1321 1116 1365 uero
1143 1321 1204 1366 nos
1232 1301 1355 1366 nostris

343 1388 519 1454 ceruicibus
538 1389 709 1453 inserimus
727 1409 793 1453 non
811 1388 955 1474 patimur
973 1387 1172 1472 reprebendi.
1209 1389 1355 1455 inuenies
1369 1405 1409 1469 10

343 1478 426 1542 inter
445 1498 555 1543 seruos
576 1478 715 1562 aliquem
733 1478 871 1563 pecnnia
889 1477 1066 1561 fortiorem,
1089 1477 1233 1543 inuenies
1253 1477 1356 1544 domi-

343 1587 419 1631 num
450 1588 507 1651 spo
538 1566 618 1632 lueri
650 1567 761 1631 oscula
793 1567 972 1631 alienorum
1004 1587 1173 1631 seruorum
1205 1567 1355 1632 manibus

344 1655 543 1740 infigentem:
569 1675 636 1720 non
663 1675 741 1739 ergo
769 1654 902 1718 fortuna
925 1654 1072 1720 homines
1095 1654 1275 1719 aestimabo
1300 1656 1355 1719 sed

310 1743 494 1809 rumoribus.
540 1741 602 1807 sibi
629 1744 764 1828 quisque
787 1741 844 1807 dat
870 1763 990 1826 mores,
1018 1740 1239 1808 condicionem
1262 1763 1356 1807 ossus

344 1830 501 1916 adsignat.
547 1853 642 1915 quem
665 1830 705 1897 ad
729 1831 861 1897 modum
883 1831 1002 1895 stultus
1026 1831 1086 1909 est,
1109 1831 1165 1915 qui
1187 1833 1355 1916 empturus

344 1941 458 2005 equum
480 1941 546 1984 non
569 1922 675 2002 ipsum
699 1920 832 2005 inspicit
853 1919 909 1983 sed
933 1920 1074 1984 stratum
1093 1919 1162 1983 eius
1181 1941 1220 1984 ao
1237 1919 1357 2005 frenos,

344 2008 388 2073 sie
410 2007 623 2073 stultissimus
646 2011 705 2092 est,
728 2009 784 2093 qui
806 2008 971 2073 hominem
995 2011 1053 2072 aut
1075 2030 1113 2072 ex
1131 2009 1222 2072 ueste
1242 2010 1299 2072 aut
1318 2029 1357 2072 ex

344 2097 541 2180 condicione,
573 2118 656 2181 quae
687 2096 782 2161 nobis
815 2097 915 2161 uestis
945 2096 1041 2161 morlo
1070 2095 1271 2160 oiroumdsta
1298 2099 1356 2180 est,

308 2208 331 2250 a
344 2184 578 2250 aestimandum
601 2189 702 2269 putat
738 2206 803 2250 non
827 2188 885 2268 eat,
907 2184 953 2249 mi
971 2184 1149 2268 Euangelo,
1172 2184 1258 2267 quod
1277 2184 1355 2249 ami·
1369 2181 1408 2244 ll

344 2294 414 2338 oum
451 2277 578 2338 tantum
603 2273 637 2336 in
660 2273 730 2338 loro
750 2272 835 2337 etin
853 2273 943 2338 ouria
962 2293 1112 2356 quaeras:
1137 2271 1165 2336 si
1183 2270 1356 2356 diligenter

345 2361 536 2445 adtenderis,
554 2360 701 2426 inuenies
721 2362 754 2425 et
773 2360 869 2426 dorni.
906 2363 942 2425 tu
961 2359 1057 2426 modo
1076 2359 1150 2425 uiue
1168 2381 1242 2426 oum
1262 2380 1356 2426 seruo

346 2451 533 2516 elementem
560 2451 694 2515 comiter
722 2472 849 2535 quoquo
878 2453 911 2515 et
937 2451 971 2516 in
1000 2470 1181 2515 sermonem
1207 2448 1298 2515 illum
1324 2451 1357 2514 et

345 2562 409 2606 non
426 2562 604 2626 numquam
623 2540 656 2604 in
675 2541 891 2605 necessarium
911 2540 1046 2604 admitto
1065 2538 1244 2605 eonsilium.
1278 2561 1357 2604 nam

306 2632 378 2695 root
403 2631 545 2695 maiores
573 2630 676 2694 nostri
704 2651 832 2695 ornnem
860 2626 997 2694 dominis
1026 2626 1198 2710 inuidiam,
1228 2648 1355 2691 omnem

346 2718 447 2783 seruis
468 2719 697 2783 contumeliam
716 2717 922 2782 detrahentes
942 2716 1109 2780 dominum
1128 2719 1278 2800 patrem
1300 2715 1357 2779 fa-

347 2805 490 2885 milias,
508 2827 619 2870 seruos
633 2804 851 2869 familiares
865 2805 1121 2890 appellauerunt.
1154 2803 1266 2867 colant
1278 2823 1356 2887 ergo
1370 2818 1410 2882 12

347 2895 511 2978 bepotius
535 2893 621 2958 serui
644 2894 707 2973 tui,
730 2893 810 2957 mibi
834 2893 935 2976 oredo,
958 2913 1055 2976 qusm
1079 2891 1226 2955 timeant.
1272 2889 1358 2956 <lieet

347 2981 464 3066 aliquia
491 3003 578 3046 nuno
605 3002 656 3045 me
683 2980 831 3045 dominos
857 2979 896 3045 de
919 2979 1053 3066 fastigio
1077 3000 1135 3044 suo
1158 2978 1296 3061 deicere,
1324 2983 1359 3044 et

309 3070 486 3156 aquodam
510 3069 606 3137 morlo
631 3070 670 3137 ad
694 3071 825 3155 pilleum
850 3092 961 3136 seruos
984 3090 1111 3153 uocare,
1136 3091 1217 3154 quos
1241 3067 1358 3134 debere

347 3160 412 3226 dixi
444 3162 550 3249 magis
582 3162 686 3225 solers
719 3182 816 3246 quam
849 3161 973 3225 timere.
1027 3160 1089 3224 hoo
1121 3158 1176 3242 qui
1212 3157 1359 3241 senserit,

347 3250 557 3315 obliuiscetur
576 3251 607 3314 id
627 3249 766 3314 ‹loruinis
784 3271 898 3333 parum
917 3270 982 3313 non
1002 3269 1081 3331 esse,
1103 3246 1187 3332 quod
1207 3246 1258 3311 dis
1278 3247 1359 3311 satis

347 3342 404 3403 est
438 3336 552 3403 deinde
571 3339 625 3423 qui
645 3338 762 3403 colitur
780 3338 878 3402 etiam
897 3340 1036 3402 amatur:
1055 3357 1121 3401 non
1141 3338 1250 3420 potest
1267 3356 1359 3401 emor

348 3449 419 3492 oum
455 3427 572 3493 timore
610 3427 746 3492 misceri.
800 3427 884 3491 unde
921 3429 1017 3511 putas
1050 3424 1359 3512 arlroganlissimum
1372 3440 1411 3504 13

310 3543 335 3583 oo
348 3516 425 3582 illurl
437 3538 585 3582 manasse
600 3516 809 3601 prouerbium
821 3539 883 3602 quo
897 3516 1036 3581 iactatur
1051 3514 1210 3580 totidem
1225 3513 1359 3579 hostes

348 3606 459 3672 nobis
483 3628 566 3671 esse
589 3609 683 3691 quot
706 3605 862 3673 seruos?
898 3628 963 3671 non
982 3605 1137 3670 babemus
1155 3603 1229 3670 illos
1248 3602 1359 3669 hostes

418 3786 451 3834 31
468 3780 579 3834 Erasini
592 3781 673 3849 adag.
689 3779 756 3835 ebil.
772 3780 797 3833 ΙΙ
811 3782 883 3836 oeni.
898 3779 937 3834 ΙΙΙ
952 3784 984 3835 31
1001 3798 1027 3850 p.
1039 3785 1091 3834 889
1102 3780 1129 3832 B
1138 3778 1194 3846 (ed.
1204 3777 1268 3832 Bas.
1280 3780 1360 3846 1574)

420 3938 592 3995 lalmlors.
612 3938 648 3992 B'
709 3941 880 4009 triaspsr
899 3940 1004 3996 iseros.
1023 3938 1102 3993 r'aP
1152 3935 1359 3991 alamans

350 4016 366 4066 4
461 4009 590 4080 imposito
608 4026 716 4065 aarum
733 4016 765 4065 est
783 4012 842 4066 uid.
862 4009 885 4064 ir
903 4012 935 4065 s'rt
949 4012 977 4066 P
1065 4012 1137 4063 roes
1154 4013 1185 4061 14
1200 4006 1362 4062 conditione

351 4084 377 4137 B
463 4086 496 4136 14
515 4080 677 4135 orronndata
697 4080 725 4134 P
777 4088 809 4136 16
849 4082 984 4137 aaarolB
1040 4086 1071 4133 17
1091 4077 1274 4134 attendsnib
1329 4080 1362 4131 Ἦ

351 4153 404 4208 dul
419 4154 447 4208 B
503 4159 537 4207 29
557 4150 813 4222 arrogantissimum
828 4099 878 4208 iP
930 4158 964 4208 ³0
982 4150 1131 4205 manarat

403 4254 427 4292 nl
430 4262 532 4292 sssssss
535 4262 546 4292 s
1152 4242 1168 4290 4
