3322 5190
288 785 355 857 646
515 785 631 848 0οΠ
648 787 689 848 Ill
706 785 817 850 flolssl.
834 787 921 850 scu.
938 787 1079 850 numu

287 949 324 1022 iu
345 950 501 1041 curculio,
523 972 598 1022 oum
619 953 707 1041 ignir
727 953 807 1023 licet
827 975 868 1022 ex
889 975 990 1024 conen
1009 955 1097 1025 iulrn
1118 976 1155 1023 ee
1177 955 1327 1026 latente

288 1043 473 1127 mouentur,
499 1041 598 1109 nullie
621 1047 731 1110 tumen
753 1043 979 1111 iustrumeulin
1001 1043 1043 1110 ed
1065 1065 1213 1130 rupem
1236 1066 1326 1113 con·

289 1126 437 1209 rendre,
468 1130 638 1216 multoque
669 1131 779 1198 minue
808 1129 891 1198 hoec
921 1132 956 1198 in
982 1131 1094 1198 enimn
1118 1134 1327 1217 numerem

239 1213 282 1284 15
291 1215 371 1299 rint,
402 1216 493 1284 cuiue
524 1219 634 1320 modun
664 1219 808 1284 cenenliu
839 1239 900 1323 oue
930 1221 990 1285 ent
1043 1217 1078 1285 in
1108 1216 1163 1286 li·
1195 1221 1324 1306 etium,

242 1448 254 1459 ..
290 1307 632 1461 immede?
642 1306 1371 1484 „leli‘lfledluld‘met‘

289 1479 395 1549 inter
426 1485 578 1549 coleron
611 1489 737 1550 mctue
768 1481 889 1551 etiem
919 1480 964 1550 de
993 1481 1080 1550 loco
1110 1481 1322 1552 inlocum

291 1573 482 1652 mouclur,
499 1589 592 1657 ergo
610 1570 721 1638 modo
739 1570 788 1638 eit
804 1591 945 1658 corpur
962 1570 1177 1657 egreditur,
1193 1573 1319 1640 modo

291 1678 427 1725 turone
458 1657 693 1747 ingreditur,
728 1663 767 1726 cl
796 1658 837 1726 iu
865 1658 939 1727 hoc
969 1658 1158 1726 exercitio
1189 1679 1318 1747 caepe

292 1751 485 1832 necentur,
517 1748 615 1834 quod
642 1746 733 1815 lieri
759 1769 836 1815 non
862 1748 1050 1834 uidcmun;
1079 1767 1153 1815 uon
1180 1747 1369 1834 igiturne

242 1833 479 1903 ldmcu'clur.
524 1841 640 1903 contre
664 1835 727 1903 hoc
748 1837 857 1903 uullur
879 1841 944 1921 cet,
970 1836 1026 1923 qui
1047 1857 1115 1904 uon
1135 1834 1207 1908 eine
1230 1835 1315 1904 hee·

293 1923 449 1992 niloticuc
489 1923 697 2010 respondent,
735 1943 804 1990 nou
843 1923 967 2010 omnin,
998 1943 1088 2009 oure
1124 1928 1316 2011 mouentur,

295 2011 394 2080 edum
425 2011 464 2078 dc
492 2011 566 2079 loco
592 2012 761 2079 inlocum
788 2011 922 2079 moueri.
971 2012 1079 2080 utine
1106 2009 1245 2099 denique
1274 2015 1314 2080 in

295 2121 370 2171 eum
411 2101 526 2169 cimilia
561 2101 777 2190 interrogatio
812 2104 987 2190 retorqueo
1063 2104 1123 2171 ue
1181 2103 1315 2170 moueri

295 2192 428 2259 mboree
455 2189 558 2259 diois?
602 2191 688 2280 quod
715 2212 804 2280 cum,
828 2195 867 2259 ul
887 2192 1019 2280 opinor,
1045 2191 1209 2278 annuerit,
1234 2193 1315 2278 peri
1328 2209 1363 2253 re

295 2280 467 2348 dicacitate
506 2279 652 2348 ferieturr
698 2281 732 2348 ei
770 2284 975 2349 mouentur
1010 2280 1182 2367 erborcn,
1222 2281 1315 2349 nine

248 2422 254 2432 ,
294 2369 426 2456 dubio,
461 2372 504 2436 ui
535 2373 574 2437 lu
603 2367 732 2437 dicere
763 2368 880 2454 colen,
915 2369 1020 2436 incer
1050 2368 1150 2436 elice
1181 2372 1314 2436 moiun

294 2458 416 2525 elium
444 2457 487 2525 de
513 2459 598 2525 loco
624 2457 665 2525 iu
691 2458 815 2525 locum
843 2460 1061 2542 mouentur,
1085 2455 1157 2524 hcc
1179 2459 1315 2524 eutem

295 2545 468 2613 uidemur
498 2567 566 2634 per
598 2567 638 2613 ee
669 2566 734 2613 cuc
765 2544 892 2612 fecere
923 2566 998 2613 uon
1025 2564 1154 2633 poem
1184 2543 1315 2630 igilur

244 2630 455 2702 llurbcreo
476 2654 550 2700 non
574 2637 786 2701 mouentur.
831 2631 889 2700 ned
910 2639 949 2700 ul
969 2633 1057 2700 hunc
1079 2630 1313 2719 syllogismum
1328 2647 1358 2690 κ

296 2723 517 2790 additamento
545 2723 666 2790 cerium
692 2723 797 2790 fecere
824 2723 1000 2809 posuimus,
1027 2728 1200 2809 postquem
1222 2722 1312 2788 dixe·

296 2816 397 2880 rimus
421 2836 511 2899 ergo
536 2813 693 2880 arbores
716 2837 790 2880 uon
814 2818 1029 2898 mouentur,
1053 2814 1226 2879 adiciemus
1244 2812 1314 2878 sed

297 2911 498 2970 mouentur
520 2904 693 2989 erboree,
715 2926 789 2969 uon
813 2903 936 2988 igitur
955 2902 1095 2987 omniu,
1118 2924 1213 2988 quee
1232 2924 1313 2967 mo·

297 2999 448 3076 nentur,
476 2995 591 3058 elium
620 2992 663 3057 de
690 2995 773 3059 loco
802 2994 839 3057 in
868 2992 994 3057 locum
1021 2994 1231 3056 mouentur.
1277 2996 1313 3055 et

297 3084 345 3147 ile
368 3082 442 3147 finis
465 3083 497 3146 iu
522 3084 642 3147 exitum
663 3104 760 3147 senae
779 3081 994 3147 conclusionis
1013 3080 1141 3144 euudel:
1165 3080 1198 3144 si
1217 3100 1310 3162 ergo
1326 3095 1356 3136 ²⁵

299 3170 456 3236 arbores
493 3171 702 3236 fatebimur
737 3170 884 3236 moueri
922 3168 1085 3254 quidem,
1121 3167 1187 3232 ned
1218 3172 1311 3250 epto

298 3260 376 3324 eibi
404 3264 521 3344 motu,
548 3280 612 3323 our
639 3260 709 3324 hoc
737 3259 885 3324 unimue
913 3278 1108 3342 negemus,
1135 3258 1178 3320 ul
1205 3259 1311 3319 motu

248 3344 495 3414 18eeseniiue
532 3369 621 3414 suue
658 3349 912 3413 conueniente
950 3342 1172 3409 mouentur?
1230 3341 1310 3408 hoec

300 3442 333 3502 et
361 3439 425 3503 eliu
452 3436 558 3502 unlide
582 3436 777 3519 dicerentur,
805 3436 903 3501 etiem
927 3434 954 3499 si
978 3434 1040 3498 hoc
1063 3438 1171 3498 molus
1194 3452 1310 3517 genere

299 3528 423 3592 moueri
451 3527 559 3592 uuimu
586 3548 652 3590 uon
680 3530 805 3609 posset,
833 3547 905 3590 cum
932 3544 1009 3588 uero
1038 3526 1072 3587 cl
1098 3544 1214 3607 corpus
1243 3522 1358 3586 eni-co

299 3619 368 3679 met
400 3637 530 3680 accessu
563 3620 596 3679 et
628 3637 648 3679 u
680 3635 814 3698 corpore
844 3618 932 3677 cerlo
959 3611 1128 3678 constituti
1155 3610 1313 3696 temporie

299 3704 372 3787 lege
396 3703 552 3788 discedet,
576 3704 647 3788 quie
671 3724 742 3766 eern
765 3706 864 3786 neget
886 3702 985 3766 etiem
1008 3700 1042 3764 in
1065 3700 1185 3783 locum,
1207 3703 1244 3763 ut
1265 3699 1315 3764 itu

366 3821 458 3828 »un-4

375 3889 387 3935 1
408 3879 505 3950 curus}
521 3880 596 3948 rguri
611 3877 644 3933 Β
701 3885 717 3931 4
736 3879 783 3933 lue
801 3876 842 3932 eu
858 3893 916 3932 non
934 3881 1091 3945 occuparent
1105 3875 1223 3944 amplius
1240 3875 1272 3930 iu
1286 3875 1316 3928 Β

301 3953 491 4020 bsequunnur
511 3952 563 4006 PB
623 3957 639 4006 d
659 3949 803 4006 cuurlluulr
822 3948 906 4003 ferrus
917 3949 923 4017 Ι
939 3945 1037 4001 irnrrlrl
1052 3947 1094 4001 est
1110 3946 1138 4000 Β
1192 3950 1208 3999 9
1227 3944 1319 4000 rursus

301 4042 352 4080 orn.
371 4023 408 4078 P'
474 4022 646 4078 roncore
709 4028 744 4076 20
762 4027 787 4074 el
805 4025 838 4074 22
857 4026 882 4076 el
900 4023 936 4074 26
955 4018 996 4072 iel
1014 4018 1042 4072 Β
1061 4016 1261 4086 ldsrllogrl'mr‘r
1280 4016 1317 4084 P,

302 4095 449 4165 l'ylcgrsmir
467 4095 495 4147 Β
594 4098 626 4146 21
647 4090 790 4162 possumus
803 4088 838 4146 Ρ
947 4095 981 4144 26
1000 4105 1018 4143 e
1038 4091 1067 4143 lc
1086 4087 1199 4156 quidem
1217 4085 1269 4141 irbr
1286 4086 1316 4139 Β

302 4171 337 4219 80
356 4171 385 4222 el
402 4183 453 4223 oro.
473 4166 501 4220 Β
555 4169 588 4218 81
609 4180 706 4235 corpre
723 4163 751 4217 Β
805 4162 868 4231 lege
887 4158 995 4231 teporis
1077 4157 1159 4230 ¹egri
1172 4157 1200 4211 Β
