3322 5190
327 821 391 886 152
715 821 792 877 fld'l'.
811 819 909 875 LlBllI
926 819 952 874 11

326 1003 399 1048 ease
425 981 538 1047 mallet
565 1003 605 1047 an
634 982 741 1065 calna,
769 985 801 1046 at
829 1003 900 1045 curn
924 982 981 1044 illa
1004 980 1224 1066 respondisset
1251 1001 1335 1064 ego,

327 1073 450 1154 pater,
478 1091 571 1134 cana
599 1091 681 1133 ease
709 1069 809 1133 malo
838 1071 885 1133 sic
911 1069 959 1133 illi
988 1069 1190 1133 mendacium
1217 1068 1337 1132 obiecit

328 1156 416 1242 quid
440 1177 529 1241 ergo
553 1158 654 1222 istae
678 1161 714 1222 tc
738 1158 886 1222 caluam
912 1162 988 1221 tam
1011 1156 1088 1221 cito
1113 1156 1288 1220 faciunt?

297 1245 318 1312 8
415 1245 499 1310 Item
523 1268 594 1311 cum
618 1267 751 1330 grauem
775 1247 914 1311 amicum
937 1245 1080 1310 audisset
1097 1243 1182 1309 Iulia
1200 1245 1335 1309 suaden-

328 1337 393 1402 tem
418 1334 533 1400 melius
556 1334 725 1421 facturam,
748 1338 776 1400 si
800 1357 835 1401 se
858 1335 1094 1420 composuisset
1115 1336 1155 1399 ad
1174 1335 1337 1419 exemplar
1363 1360 1376 1399 a

327 1429 482 1510 paternae
505 1424 719 1509 frugalitatis,
747 1426 794 1490 ait
820 1425 889 1489 ille
917 1425 1169 1489 obliuiscitur
1197 1421 1336 1489 Caesa·

326 1534 402 1578 rana
427 1534 467 1578 se
491 1534 588 1597 esse,
612 1534 681 1598 ego
706 1513 857 1578 memini
882 1535 937 1578 me
956 1511 1135 1578 Caesaris
1159 1513 1291 1577 filiam.

297 1602 318 1667 9
416 1599 561 1687 Cumque
581 1602 702 1667 conscii
721 1602 920 1688 flagitiorum
939 1602 1144 1685 mirarentur,
1163 1623 1226 1686 quo
1241 1600 1336 1666 modo

327 1690 449 1755 similes
472 1689 638 1775 Agrippae
666 1691 751 1756 lilios
779 1698 921 1774 pararet,
948 1712 1031 1774 quae
1058 1694 1125 1754 tam
1154 1691 1253 1774 uulgo
1282 1711 1336 1774 po·

327 1781 479 1844 testatem
511 1780 656 1864 corporis
688 1780 738 1844 sui
769 1780 889 1845 faceret
921 1780 967 1844 ait
1002 1801 1204 1864 numquam
1237 1780 1335 1843 enim
1352 1806 1377 1844 ro

329 1868 406 1932 nisi
428 1868 518 1932 naui
542 1868 655 1953 plena
678 1868 778 1932 tollo
802 1875 1007 1933 uectorem.

277 1956 319 2022 10
417 1952 529 2021 Simila
549 1956 671 2021 dictum
691 1955 847 2041 Populiae
865 1956 966 2021 Marci
986 1956 1080 2039 tiliae,
1103 1977 1185 2041 qnae
1204 1955 1337 2019 miranti

328 2043 465 2130 cuidam,
488 2045 563 2130 quid
583 2051 678 2129 essct,
701 2050 897 2131 quapropter
916 2046 999 2111 aliae
1018 2045 1142 2110 bestiae
1160 2067 1336 2128 numquam

328 2154 449 2198 marem
467 2133 694 2218 desiderarant,
713 2135 776 2199 nisi
794 2156 866 2200 curn
886 2139 1103 2219 praegnantes
1122 2134 1245 2198 uellent
1259 2133 1337 2216 lieri,

327 2222 495 2306 respondit
517 2223 666 2287 bestiae
690 2224 790 2287 enirn
815 2230 911 2288 sunt
1351 2248 1376 2287 ιι

274 2307 323 2375 VI
418 2308 479 2374 Sed
507 2316 544 2373 ut
570 2332 590 2374 a
613 2311 742 2374 feminis
765 2310 805 2375 ad
829 2312 917 2373 uiros
941 2314 974 2373 et
996 2332 1015 2373 a
1037 2309 1169 2373 lasciuia
1193 2308 1272 2372 iocis
1296 2309 1335 2371 ad

328 2395 484 2461 honestos
507 2403 661 2479 reuertar,
686 2395 902 2462 Cascellius
926 2398 1004 2460 iuris
1026 2398 1192 2460 consultus
1211 2397 1338 2459 urbani-

327 2483 406 2550 tatis
435 2485 534 2549 mirae
562 2485 788 2570 libertatisque
811 2484 1006 2568 habebatur,
1034 2484 1205 2569 praecipua
1229 2489 1337 2548 tamen

327 2572 357 2639 ia
379 2573 469 2639 iocus
492 2573 561 2638 eius
584 2575 736 2640 innotuit.
782 2573 944 2658 lapidatus
967 2596 988 2638 a
1009 2573 1131 2658 populo
1151 2572 1337 2638 Vatinius

328 2682 400 2727 cum
422 2662 654 2748 gladiatorium
673 2685 789 2728 munus
809 2663 925 2746 ederet,
949 2662 1141 2744 obtinuerat,
1164 2668 1201 2726 ut
1220 2663 1338 2726 aediles
1352 2688 1379 2729 ao

329 2751 499 2834 adicerent,
518 2753 632 2836 nequis
651 2754 684 2816 in
704 2775 835 2818 aronam
855 2753 918 2816 nisi
937 2774 1070 2836 pomum
1088 2751 1216 2816 misisse
1230 2752 1337 2816 uellet.

328 2839 413 2905 farta
442 2842 492 2905 his
520 2841 632 2906 diebus
661 2840 840 2907 Cascellius
869 2843 1035 2906 consultus
1063 2864 1083 2906 a
1110 2842 1264 2925 quodam,
1296 2864 1337 2904 au

327 2950 393 2994 nux
421 2930 516 3013 pinea
539 2952 671 3012 pomum
696 2935 795 3012 essct,
822 2931 989 3014 respondit
1016 2930 1048 2994 si
1079 2932 1116 2994 ia
1141 2929 1337 2994 Vatinium

329 3018 516 3083 missurus
540 3040 592 3100 cs,
615 3041 764 3102 pomum
788 3024 855 3083 est.

298 3106 319 3169 2
418 3105 589 3170 Mercatori
621 3105 747 3189 deinde,
780 3128 875 3189 quem
908 3106 948 3169 ad
982 3105 1113 3169 modum
1145 3127 1217 3169 cum
1249 3105 1377 3169 socioso

329 3213 446 3257 nauem
487 3193 657 3271 diuideret,
698 3194 915 3279 interroganti
956 3193 1161 3277 respondisse
1202 3193 1339 3256 traditur

330 3302 464 3345 nauem
489 3281 521 3345 si
546 3281 703 3360 diuidis,
731 3304 798 3347 nec
822 3286 863 3346 tu
886 3303 953 3345 nec
977 3283 1108 3345 socius
1131 3280 1338 3345 habebitis.

298 3370 319 3435 3
418 3367 455 3432 lu
480 3369 638 3434 Galbam
666 3371 852 3456 eloquentia
878 3371 1015 3453 clarum,
1043 3369 1099 3434 sed
1128 3391 1221 3454 quarn
1248 3368 1338 3432 habi-

330 3461 392 3542 tus,
414 3463 452 3523 ut
474 3481 572 3542 supra
595 3459 670 3543 diri,
689 3461 834 3544 corporis
854 3460 1049 3536 destruebat,
1073 3457 1116 3524 M.
1135 3457 1254 3522 Lollii
1276 3479 1337 3520 uox

330 3546 616 3612 circumferebatur
647 3549 841 3634 ingenium
871 3548 1014 3613 Galbae
1047 3547 1145 3612 male
1176 3547 1379 3612 habitatae

400 3724 483 3779 arlia
504 3719 562 3778 Pa
635 3725 807 3780 tincturam
830 3742 882 3780 οιιι.
902 3725 935 3793 P,
960 3725 1089 3796 sutulram
1112 3719 1147 3777 R
1222 3730 1254 3778 10
1278 3741 1338 3777 cor-

327 3811 389 3866 porr
408 3795 441 3849 B'
498 3796 537 3850 im
557 3797 682 3866 corporis
692 3798 719 3851 Ρ
774 3805 805 3853 1'1
821 3797 974 3852 Cascellius
989 3798 1154 3865 Scipiadam:
1178 3796 1294 3849 cuulrui
1304 3797 1336 3862 P,

327 3868 497 3922 caecrlrulB
549 3868 746 3923 20criom.B'
798 3871 1008 3940 gradaaltonum
1024 3866 1058 3921 B'
1111 3814 1337 3921 eacnbelirusn

327 3937 478 4010 coniicitui
493 3938 528 3993 P‘
607 3940 774 3993 suessa-
795 3946 829 3993 24
849 3937 1142 4010 pomunreaoer
1221 3944 1254 3991 ιδ
1274 3957 1336 3991 cnm

327 4026 378 4064 oar.
397 4008 431 4063 B‘
487 4015 521 4064 26
540 4017 607 4064 naui
627 4012 655 4065 P
705 4012 872 4066 credaturB
923 4017 956 4066 27
975 4017 1041 4063 naui
1061 4009 1110 4062 P·
1135 4014 1169 4063 ιθ
1188 4009 1293 4077 galbnri
1312 4010 1340 4062 P

328 4113 424 4239 abrthl'
436 4115 464 4167 P
516 4122 549 4170 29
568 4132 657 4170 marca
670 4118 726 4171 BP
777 4101 850 4186 ldllrJ
871 4116 902 4183 P,
922 4117 1019 4171 &iada
1037 4133 1091 4170 uox
1105 4131 1222 4169 circum·
1236 4116 1267 4170 ιἰι
1280 4130 1336 4169 roa.

327 4203 359 4241 ιιι
