3322 5190
396 818 463 884 458
775 819 850 876 SA'I'.
866 818 964 874 LIBRI
984 817 1035 872 Vll

400 1003 534 1046 manns
557 982 737 1047 dexterae
762 982 927 1066 pretiosi
955 980 1104 1063 lapidea
1128 980 1408 1064 frangerentur.

348 1071 547 1136 ldeleotue
568 1075 692 1134 autem
713 1071 818 1154 inquit
837 1071 873 1133 in
893 1071 978 1154 ipso
996 1069 1107 1133 laeua
1126 1091 1236 1133 manu
1260 1069 1408 1152 digitus

400 1157 556 1221 minimo
598 1159 796 1241 proximus
834 1158 945 1241 quusi
988 1157 1117 1240 aptior
1153 1157 1312 1239 ceteris,
1348 1158 1408 1222 oni

399 1245 731 1310 commendaretur
753 1246 858 1309 anuli
882 1245 1121 1329 pretiositas.
1158 1265 1241 1307 narn
1265 1244 1409 1328 pollex,

399 1333 462 1417 qui
487 1354 621 1397 nomeu
646 1333 690 1398 ab
715 1354 771 1414 eo,
800 1334 897 1417 quod
921 1332 1059 1416 pollet,
1089 1333 1252 1416 aceepit,
1279 1353 1347 1396 neo
1370 1333 1409 1396 in
1436 1348 1451 1389 ⁶

398 1420 562 1484 sinistra
594 1424 722 1484 cessat
753 1442 820 1485 neo
858 1423 980 1484 miuus
1013 1442 1125 1503 quam
1162 1423 1244 1483 tota
1279 1441 1409 1483 manus

399 1529 548 1591 remper
575 1508 614 1571 in
641 1506 777 1571 ollioio
810 1515 880 1571 eat:
915 1506 1011 1571 unde
1044 1511 1083 1570 et
1114 1506 1212 1588 apud
1242 1504 1409 1571 Graecos

399 1592 544 1680 ἀντίχειρ
586 1595 694 1679 inquit
738 1602 899 1660 uocatur
944 1594 1055 1679 quasi
1101 1616 1232 1658 manue
1280 1595 1409 1658 altera.

348 1683 538 1767 lnpollioi
571 1706 661 1748 uero
699 1684 851 1748 uioinua
885 1684 1008 1748 nudus
1047 1687 1084 1747 et
1120 1684 1204 1747 aine
1241 1683 1409 1748 tuitione

400 1772 564 1835 alteriue
598 1772 770 1855 adpositi
802 1771 1014 1835 uidebatur.
1069 1793 1154 1835 uam
1191 1771 1320 1855 pollex
1354 1773 1451 1837 itero

400 1858 564 1923 inferior
588 1869 646 1922 eet
669 1865 710 1923 nt
733 1860 797 1922 uix
821 1858 987 1923 radicem
1011 1859 1093 1922 eiua
1122 1858 1289 1923 excedat.
1335 1881 1409 1923 me·

401 1946 502 2011 dium
548 1949 586 2011 et
632 1946 828 2011 minimum
878 1947 1105 2011 uitauorunt
1155 1949 1196 2011 ut
1241 1948 1409 2031 ineptae,

401 2035 567 2100 alterum
604 2035 885 2120 magnitudine,
927 2034 1121 2100 breuitate
1158 2035 1335 2118 alterum,
1371 2041 1409 2101 et

400 2125 548 2190 oleatus
568 2130 641 2205 eat,
666 2125 729 2208 qui
753 2126 797 2188 ab
817 2129 980 2209 utroque
1000 2125 1211 2208 clauditur,
1234 2129 1271 2189 et
1290 2126 1408 2190 minus

400 2212 527 2279 ollioii
547 2215 662 2296 gerit,
687 2217 724 2277 et
743 2213 827 2276 ideo
852 2214 1042 2278 seruando
1062 2214 1176 2278 anulo
1199 2216 1320 2298 magia
1345 2214 1450 2279 rad-u

348 2300 665 2373 lssoommodatua
689 2307 755 2366 eet.
797 2300 876 2366 haec
896 2308 980 2382 sunt,
999 2324 1080 2385 quae
1100 2301 1195 2366 leotio
1214 2301 1409 2385 pontificalia

399 2389 507 2455 habet.
561 2411 642 2453 unus
675 2391 824 2473 quinqua,
860 2396 896 2454 ut
928 2389 1028 2472 uolet,
1066 2390 1116 2453 uel
1149 2390 1320 2454 Etruscam
1358 2391 1409 2455 nel

399 2477 493 2564 Aegy
519 2477 639 2542 tineam
664 2478 847 2562 opinionem
871 2476 1049 2562 sequatur.’

488 2500 577 2632 linter
602 2567 682 2631 haeo
701 2565 809 2631 Horae
832 2566 872 2631 ad
891 2565 1120 2632 consulendum
1143 2589 1291 2632 reuersus
1315 2566 1408 2632 ‘scis'

399 2656 506 2742 iuquit
529 2655 667 2738 ‘Disari,
695 2660 825 2742 praeter
848 2657 933 2721 lunio
964 2658 1130 2741 uestitum,
1158 2657 1212 2741 qui
1243 2680 1293 2721 ruo
1318 2658 1409 2742 tegit,
1423 2679 1450 2717 aa

398 2747 551 2811 nihilne
573 2749 605 2811 in
626 2747 714 2811 omui
734 2770 830 2810 cettan
851 2747 939 2810 aliud
960 2748 1087 2812 lnabere.
1118 2747 1199 2813 undo
1219 2771 1277 2811 noo
1298 2771 1409 2812 seruus

400 2837 479 2899 milri
505 2839 555 2899 eat
579 2858 647 2918 neo,
672 2841 707 2899 ut
727 2837 780 2917 sit,
804 2839 881 2919 opto
906 2837 959 2900 sed
980 2859 1107 2900 ornnem
1132 2858 1234 2918 usum,
1258 2837 1408 2919 quinino

347 2925 632 2994 18minialrandue
653 2928 711 3004 est,
731 2946 791 3006 ego
812 2924 959 2987 mihimet
977 2926 1199 2987 eubmiuietro,
1233 2947 1334 3006 nuper
1349 2947 1409 3008 ego

399 3033 471 3075 cum
496 3013 530 3073 in
551 3012 718 3074 Hostiensi
742 3013 860 3093 oppido
880 3034 1033 3092 morarer,
1056 3012 1255 3074 sordidatum
1275 3013 1408 3093 pallium

399 3119 506 3160 meum
530 3099 563 3160 in
584 3100 663 3161 mari
684 3098 805 3160 diutule
826 3099 899 3179 laui,
924 3104 956 3161 et
979 3121 1075 3180 anper
1095 3100 1171 3160 litua
1192 3100 1259 3160 sola
1280 3100 1408 3180 siooaui,
1422 3123 1447 3160 re

397 3183 564 3267 nihiloque
588 3187 694 3247 minue
719 3186 829 3247 eadem
860 3186 893 3246 in
917 3185 988 3267 ipso
1017 3190 1091 3266 post
1119 3185 1318 3249 ablutionem
1344 3208 1408 3249 ma·

398 3271 490 3335 culae
514 3273 658 3336 sordium
679 3273 875 3336 uisebantur.
913 3294 1048 3355 euntque
1067 3295 1117 3336 me
1141 3295 1192 3335 rea
1217 3274 1282 3336 ieta
1301 3277 1408 3354 atupe-

397 3359 532 3442 faceret,
566 3361 727 3425 adsistens
760 3362 842 3425 forte
875 3365 975 3425 nauta
1007 3361 1100 3444 ‘quin
1130 3360 1251 3444 putiua’
1283 3362 1330 3425 ait
1358 3360 1408 3425 ‘iu

398 3449 497 3513 lluuiu
523 3449 617 3514 ablue
639 3451 769 3533 pallium
796 3455 896 3532 tuum,
920 3451 947 3513 si
972 3451 1020 3514 uis
1045 3450 1282 3515 amandatum!
1307 3452 1409 3534 parui,

397 3543 433 3602 ut
467 3562 576 3603 nerum
615 3541 798 3623 probarem,
831 3545 864 3603 et
897 3563 981 3623 aqua
1012 3540 1096 3603 dulei
1129 3541 1276 3604 ablutum
1310 3547 1447 3623 utqneao

396 3630 552 3694 elocatum
571 3629 637 3693 uidi
654 3629 815 3712 splendori
837 3651 895 3692 suo
916 3629 1084 3711 redditum,
1105 3634 1137 3694 et
1152 3652 1189 3693 ex
1204 3630 1260 3692 illo
1276 3650 1406 3693 oausam

395 3720 536 3803 requiro,
560 3740 616 3783 our
639 3720 744 3804 magis
768 3719 871 3785 duleis
896 3742 991 3803 quam
1016 3719 1103 3783 salso
1122 3742 1204 3804 aqua
1228 3719 1344 3783 idonea
1364 3721 1407 3783 sit

395 3809 544 3873 sordibus
569 3807 779 3872 abluendiel'

349 2573 386 2639 l'l

393 3951 494 3959 ———..⁴.
526 3953 606 3960 ff„-

467 4035 637 4103 10app0lrt1
658 4037 686 4088 P
740 4035 953 4105 llui1]u1lP
1007 4042 1037 4089 12
1052 4038 1149 4088 minim
1163 4032 1199 4089 P'
1256 4032 1403 4090 utanaP'

393 4113 428 4230 ἐξ
443 4105 656 4249 ἓίιὶιίέῗὲηίῖξξιὺῶ
667 4106 694 4158 Ρ
749 4107 979 4179 189g1ptraoal'
1032 4114 1064 4159 21
1081 4105 1192 4159 holtrP
1239 4113 1269 4159 31
1289 4107 1408 4159 carrl'uP
