3322 5190
323 796 388 860 188
709 791 785 850 SA'l'.
802 792 955 850 n1ssn1111

323 959 532 1022 mosontio
560 957 701 1041 dicere,
727 956 820 1041 fuga
846 955 1053 1020 formidine
1076 960 1227 1022 terrore
1250 980 1339 1022 oon·

322 1045 482 1130 pleatis,
512 1046 654 1131 quique
681 1045 883 1110 aduersum
911 1042 1087 1128 legiones
1109 1046 1340 1111 exercitum·

323 1154 394 1219 que
412 1140 587 1198 nostrum
606 1156 711 1198 arma
735 1133 890 1217 telaque
914 1132 1059 1217 ferent,
1082 1133 1139 1198 nti
1163 1155 1233 1198 nos
1256 1156 1339 1198 enm

325 1221 534 1287 exereitum
571 1244 634 1286 eos
671 1222 805 1286 hostes
841 1242 981 1305 eosque
1017 1221 1191 1286 homines
1223 1223 1339 1286 nrbes

324 1333 515 1397 agrosque
547 1333 691 1397 eornm,
722 1316 760 1375 et
788 1311 853 1395 qni
881 1311 919 1375 in
949 1310 1009 1374 bie
1039 1311 1136 1376 loeis
1165 1312 1338 1395 regioni·
1367 1339 1381 1378 ⁵

324 1402 470 1485 bneque
502 1401 608 1485 agris
641 1401 853 1465 urbibnsue
886 1399 1083 1481 habitant,
1119 1400 1340 1483 abdneatis,

325 1489 469 1554 lumine
491 1511 630 1572 supero
654 1488 835 1573 priuatis,
858 1488 1143 1571 exercitumque
1167 1487 1339 1553 hostium

324 1577 438 1641 urbes
462 1597 652 1661 agrosque
675 1598 820 1658 eorum,
851 1598 944 1659 qnos
968 1597 1022 1640 me
1046 1577 1173 1640 sentio
1196 1575 1339 1654 dicere,

325 1666 381 1730 nti
410 1687 477 1730 nos
505 1685 569 1728 eas
597 1665 710 1728 urbes
738 1685 931 1749 agrosque
957 1663 1088 1748 capita
1110 1669 1339 1749 aetatesque

327 1774 455 1817 eornm
487 1751 648 1817 denotas
680 1757 1002 1835 consecratasqne
1034 1751 1213 1816 babeatis
1243 1753 1380 1817 ollisro

328 1840 495 1924 legibus,
517 1840 657 1923 quibus
676 1839 903 1923 quandoque
921 1844 1010 1903 sunt
1027 1839 1189 1903 maxime
1207 1839 1340 1903 hostes

276 1927 469 1996 lldenoti.
502 1948 644 2012 eosque
664 1947 733 2011 ego
753 1927 922 1992 nieurios
946 1948 1014 2010 pro
1039 1948 1094 1990 me
1117 1926 1194 1990 fide
1218 1929 1338 2012 magi-

327 2021 532 2100 stratuque
556 2039 636 2081 meo
659 2037 728 2100 pro
752 2014 1078 2100 populollomano
1101 2015 1340 2081 exercitibus

328 2106 628 2192 legionibusque
642 2107 793 2172 nostris
808 2106 852 2169 ιΙο
867 2105 1051 2185 denoneo,
1069 2112 1111 2170 ut
1128 2128 1184 2172 me
1203 2128 1340 2171 meam·

328 2217 399 2279 qno
418 2195 536 2260 fidem
555 2196 834 2279 imperiumque
851 2194 1026 2279 legiones
1049 2196 1340 2280 exercitumque
1357 2223 1381 2261 rr

328 2287 517 2365 nostrum,
540 2283 604 2367 qni
627 2284 666 2346 in
690 2283 750 2346 lris
773 2281 886 2346 rebus
910 2282 1094 2365 gerundis
1117 2288 1222 2368 sunt,
1244 2283 1341 2348 bene

328 2371 462 2436 saluos
494 2371 663 2435 sernetis
695 2391 788 2434 esse.
843 2371 876 2433 si
907 2370 999 2433 haee
1032 2371 1087 2435 itu
1118 2369 1270 2454 faxitis,
1301 2378 1342 2435 nt

327 2480 398 2544 ego
427 2457 547 2524 seiam
578 2459 742 2523 sentiam
770 2457 1090 2543 intellegamqne,
1121 2462 1211 2524 tuno
1239 2460 1341 2543 qnis-

329 2548 415 2632 qnis
442 2547 513 2612 hoe
541 2553 672 2612 notum
701 2546 813 2628 inxit,
840 2546 906 2610 ubi
930 2545 1042 2629 faxit,
1069 2554 1173 2612 reete
1196 2546 1340 2612 faotnnr

329 2640 412 2702 esto
441 2635 578 2701 ouibus
606 2635 702 2700 atris
730 2635 866 2699 tribus.
917 2633 1051 2699 'lellus
1079 2641 1201 2701 mater
1228 2640 1383 2720 tequeeo

278 2724 506 2809 l‘llnppiter
530 2725 714 2788 obtestor.
761 2746 833 2788 enm
857 2723 1051 2789 Tellurem
1075 2723 1168 2808 dieit,
1192 2725 1342 2790 manibus

330 2821 449 2880 terram
477 2814 599 2898 tangit:
629 2836 701 2878 oum
730 2812 857 2878 Iouem
886 2813 979 2899 dicit,
1005 2836 1121 2879 manus
1150 2815 1189 2879 ad
1218 2815 1341 2879 oaelnur

330 2905 429 2970 tollit:
462 2925 534 2968 oum
565 2908 696 2967 uotum
726 2905 898 2989 recipere
929 2903 1020 2986 dicit,
1052 2905 1202 2969 menibus
1231 2913 1342 2987 peetus

278 2993 445 3077 13tangit
501 2992 535 3056 in
563 2993 813 3076 antiquitatibus
842 2998 950 3057 auteur
980 2993 1059 3057 bueo
1086 2994 1207 3078 oppido
1234 2994 1342 3056 inueni

330 3082 448 3147 denota
471 3083 492 3162 †
516 3078 672 3146 Stonios
703 3080 901 3166 Fregellas
926 3080 1069 3146 (lanios
1094 3081 1209 3147 Veios
1234 3080 1383 3146 Fide-es

331 3192 412 3252 nas,
435 3170 514 3233 haee
537 3171 625 3234 intra
648 3170 794 3246 Italiam,
822 3174 990 3252 praeterea
1013 3168 1285 3254 Carthaginem
1310 3176 1344 3234 et

331 3256 571 3339 Corinthum,
586 3258 642 3323 sed
653 3264 687 3323 et
697 3260 816 3322 multos
827 3259 986 3322 exereitus
1001 3258 1183 3343 oppidaque
1197 3259 1340 3322 hostium

332 3345 501 3411 Gallorum
521 3345 739 3430 Hispanorum
760 3343 912 3410 Afrorum
933 3345 1119 3412 Maurorum
1142 3348 1342 3433 aliarumque

278 3441 320 3504 14
332 3436 491 3519 gentium,
514 3456 594 3518 ques
614 3436 711 3518 prisoi
730 3436 881 3499 locuntur
900 3436 1043 3499 annales.
1088 3435 1164 3499 hino
1183 3457 1259 3520 ergo
1283 3441 1342 3519 est,

404 3631 573 3681 lterrorum
592 3627 620 3680 Β
683 3626 850 3695 compleatis
866 3627 893 3679 Β
956 3626 1132 3680 bubdrentrl
1147 3626 1175 3679 P
1230 3630 1297 3681 tut
1317 3628 1344 3679 Ρ

333 3705 363 3752 12
383 3697 512 3752 nooarrol‘
528 3694 561 3751 15'
613 3699 796 3768 magistratrq.
816 3695 850 3750 Β
905 3704 936 3752 13
956 3715 1000 3751 ruo
1019 3715 1068 3752 our.
1090 3694 1124 3750 1⁷
1178 3704 1209 3752 16
1224 3700 1341 3766 gerundi

329 3771 356 3823 Β
392 3770 464 3824 bono
485 3770 578 3824 lulnol
596 3774 601 3838 Ι
619 3772 689 3824 beno
709 3769 801 3823 saluos
813 3770 840 3823 Β
878 3768 1339 3824 1‘1seruatisllr'lclreleruarlrmul.

331 3841 462 3897 Flecker's.
487 3849 574 3910 1875,
601 3847 667 3896 31οι
697 3840 785 3895 sir-itis
810 3842 843 3908 P,
871 3841 992 3895 liuentis
1018 3848 1048 3895 ut
1074 3842 1131 3896 uid.
1159 3842 1268 3905 scripsit
1293 3842 1341 3909 Pl,

330 3913 420 3967 huleri
435 3915 462 3967 B
546 3923 577 3969 lo
596 3918 692 3968 nolum
711 3912 765 3965 hoe
784 3913 811 3965 B
894 3912 965 3967 suxit
984 3911 1030 3966 ubr
1050 3913 1097 3966 nbr
1117 3911 1232 3967 larrtP
1306 3919 1340 3966 25

330 3986 422 4039 tonrol
450 3985 487 4053 P,
517 3985 616 4041 ltonrol
646 3985 681 4052 B,
709 3982 855 4037 Histonios
883 3983 1019 4053 Berytiua
1047 3983 1185 4053 Philoloqa'
1210 3983 1343 4037 XXXII

330 4061 385 4111 567
474 4056 592 4126 frogello
611 4058 639 4110 B
719 4055 815 4109 caunos
830 4055 863 4122 P,
881 4054 988 4109 leanrol
1003 4056 1030 4108 Β
1102 4060 1135 4109 26
1155 4058 1297 4124 cartagine
1317 4055 1345 4108 P

330 4169 363 4217 29
382 4161 453 4230 qnol
467 4161 502 4216 Β
558 4164 680 4232 loqnnni
701 4163 728 4216 P
808 4165 842 4209 ὠ
861 4143 880 4232 ἓ
898 4162 926 4214 Ρ
