3442 5190
781 888 833 946 XV
853 894 941 947 7-17
1306 893 1371 960 547

511 1051 654 1120 deiectus
678 1053 758 1120 eolis
781 1053 891 1121 uarios
915 1054 1074 1140 lunaeque
1098 1054 1238 1126 labores.

356 1177 505 1261 quemuis
537 1177 640 1264 igitur
672 1178 774 1244 trium
806 1178 964 1244 linearum
998 1179 1113 1245 ductus
1141 1179 1309 1247 zodiacum
1338 1185 1373 1247 et

356 1264 485 1330 claudat
512 1270 546 1330 et
572 1264 711 1348 diuidat,
738 1288 838 1331 unum
862 1270 971 1331 tumen
995 1268 1117 1333 circum
1141 1272 1255 1335 auctor
1277 1291 1372 1336 noce·

355 1352 505 1418 hulorum
538 1353 601 1420 dici
623 1355 736 1420 'uoluit
761 1354 950 1439 antiquitas.
1002 1356 1144 1440 quinque
1173 1355 1229 1421 ulii
1258 1357 1371 1423 circuli

328 1442 503 1525 rporalleli
536 1445 703 1508 uocantur.
749 1442 864 1509 horum
902 1441 1026 1508 medius
1063 1450 1098 1509 et
1128 1445 1288 1510 maximus
1320 1449 1370 1511 ost
1382 1448 1423 1516 13

355 1530 613 1615 aequinoctialis,
641 1530 704 1596 duo
741 1531 1002 1597 extremitatibus
1034 1532 1135 1598 uicini
1168 1537 1265 1618 utque
1296 1532 1369 1600 ideo

354 1619 469 1684 breues
493 1640 632 1704 quorum
659 1638 742 1686 unus
766 1620 1030 1705 septentrionalis
1054 1620 1186 1706 dicitur,
1209 1620 1291 1686 alter
1314 1643 1368 1689 su·

355 1707 477 1774 stralis:
502 1708 586 1774 inter
609 1708 671 1774 hos
695 1714 728 1774 et
747 1710 888 1775 medium
910 1709 973 1775 duo
992 1714 1068 1775 sunt
1091 1710 1210 1796 tropici
1229 1711 1369 1778 maiores

353 1798 487 1881 ultimis,
509 1797 616 1864 medio
636 1798 775 1864 minores
800 1801 832 1865 et
850 1798 912 1885 ipsi
935 1820 973 1865 ex
995 1802 1133 1885 utruque
1156 1802 1249 1886 parte
1267 1822 1368 1868 zonae

315 1905 340 1945 ro
354 1889 447 1953 ustae
480 1887 655 1952 terminum
687 1887 820 1953 fuciunt.
868 1890 997 1974 praeter
1023 1887 1084 1953 hos
1113 1887 1170 1953 alii
1198 1887 1261 1954 duo
1290 1891 1422 1958 sunt14

353 1975 470 2058 coluri,
497 1974 616 2059 quibus
639 1997 757 2041 nomen
780 1974 869 2040 dedit
890 1976 1071 2062 inperfecta
1093 1977 1277 2060 conuersio,
1301 1998 1368 2043 am·

353 2062 478 2127 bientes
512 2062 598 2126 enim
622 2063 911 2146 septentrionalem
939 2064 1096 2128 uerticem
1118 2066 1215 2147 atque
1238 2063 1313 2128 inde
1335 2065 1369 2128 in

353 2149 483 2214 diuersa
506 2149 615 2214 diffusi
638 2155 672 2214 et
691 2172 724 2215 se
747 2151 784 2215 in
807 2172 933 2216 summo
952 2152 1152 2216 intersecant
1174 2155 1208 2216 et
1226 2152 1368 2236 quinque

352 2237 528 2323 parallelos
563 2238 597 2302 in
635 2243 810 2323 quaternas
848 2242 958 2323 partes
996 2239 1174 2323 aequaliter
1211 2238 1368 2325 diuidunt,

314 2342 340 2384 ¹⁶
354 2327 519 2392 zodiacum
541 2326 589 2391 ita
607 2325 842 2394 intersecantes
861 2332 898 2392 ut
915 2349 998 2394 unus
1013 2349 1126 2394 eorum
1143 2349 1201 2413 per
1220 2325 1368 2395 Arietem

352 2422 385 2484 et
416 2416 567 2502 Librum,
601 2417 683 2482 ultor
720 2440 778 2501 per
809 2416 971 2485 Cancrum
1004 2422 1101 2504 atque
1134 2418 1366 2504 Capricornum

353 2506 490 2574 ineundo
510 2506 667 2593 decurrat,
690 2509 745 2573 sed
769 2508 809 2574 ud
833 2508 1010 2576 australem
1029 2508 1183 2574 uerticem
1206 2528 1272 2574 uon
1295 2531 1366 2595 per·

352 2596 462 2662 uenire
490 2596 673 2663 creduntur.
720 2595 800 2683 duo,
823 2598 879 2682 qui
903 2596 943 2663 sd
972 2619 1143 2663 numerum
1166 2597 1366 2682 praedictum
1377 2600 1420 2669 15

353 2688 539 2772 supersunt,
568 2685 765 2752 meridianus
789 2689 823 2752 et
849 2685 998 2771 horizon,
1025 2707 1091 2751 non
1119 2687 1305 2753 scribuntur
1331 2687 1366 2753 in

310 2791 338 2831 2⁰
352 2776 501 2859 sphaera,
531 2776 608 2858 quia
631 2778 754 2840 certum
777 2775 883 2841 locum
907 2775 1026 2841 habere
1050 2796 1115 2840 non
1140 2781 1287 2859 possunt,
1309 2778 1364 2841 sed

349 2884 408 2946 pro
428 2863 617 2927 diuersitate
635 2863 925 2947 circumspicientis
948 2862 1170 2929 habitantisue
1189 2864 1364 2929 uariantur.

349 2950 546 3016 meridianus
570 2954 620 3015 est
643 2951 743 3034 enim,
766 2973 862 3036 quem
885 2952 949 3037 sol,
977 2973 1049 3017 cum
1074 2973 1172 3036 super
1194 2952 1363 3019 hominum
1375 2956 1417 3023 16

349 3039 503 3106 uerticem
532 3039 671 3124 uenerit,
699 3040 805 3125 ipsum
834 3040 919 3107 diem
943 3040 1085 3106 medinm
1114 3039 1284 3107 efficiendo
1313 3040 1365 3107 de·

348 3128 473 3214 signat:
496 3131 529 3194 et
548 3131 624 3214 quia
643 3129 824 3216 globositas
847 3132 953 3195 terroe
972 3129 1195 3195 habitationes
1219 3129 1364 3195 omnium

308 3218 499 3304 coequales
523 3217 586 3283 sibi
609 3241 679 3284 esse
702 3241 767 3285 non
791 3218 1017 3304 patitu1·,non
1041 3216 1153 3283 eudem
1182 3239 1258 3304 pars
1282 3220 1364 3285 caeli

349 3308 491 3372 omnium
510 3307 665 3372 uerticem
685 3308 834 3393 despicit:
855 3312 888 3373 et
906 3307 978 3373 ideo
998 3329 1080 3371 unus
1101 3307 1251 3372 omnibus
1271 3309 1364 3372 meri·

347 3396 462 3461 dianus
490 3417 560 3461 esse
588 3418 653 3460 non
680 3397 814 3483 poterit,
842 3397 897 3462 sed
928 3396 1067 3481 singulis
1091 3395 1243 3480 gentibus
1267 3417 1363 3480 super

348 3485 499 3549 uerticem
519 3506 613 3549 suum
632 3486 782 3569 propriue
806 3484 1003 3550 meridianus
1023 3484 1172 3550 efficitur.
1213 3483 1363 3549 similiter
1374 3495 1414 3560 17

348 3572 409 3639 sibi
424 3573 625 3639 horizontem
640 3574 722 3639 facit
736 3573 983 3659 circumspectio
998 3572 1209 3659 singulorum.
1229 3572 1363 3638 horizon

308 3665 397 3725 coest
416 3663 503 3726 enim
528 3662 619 3726 uelut
633 3662 771 3746 quodam
791 3662 875 3727 circo
891 3660 1080 3747 designatus
1099 3662 1257 3726 terminus
1272 3661 1362 3744 caeli,

418 3867 431 3915 1
453 3861 552 3932 Georg.
571 3859 598 3914 11
616 3865 669 3935 lie

417 4052 557 4104 torret*
577 4048 605 4100 P
694 4048 812 4104 uduo*
832 4045 860 4100 P
949 4046 1105 4103 sehoiP
1191 4040 1358 4102 muroan'
1384 4073 1387 4077 ⁴

348 4127 380 4176 10
395 4119 458 4175 lunt
470 4118 558 4174 oolulr
573 4118 606 4186 Ρ,
625 4117 709 4174 larci
724 4118 822 4188 udd.p
878 4121 909 4171 11
925 4118 1135 4187 imperieotuP
1181 4121 1214 4171 19
1229 4117 1362 4172 onzonP

346 4196 379 4246 21
399 4189 625 4245 habrtantrleus
646 4190 673 4245 P
771 4194 806 4243 24
825 4187 979 4262 holmmum
998 4189 1027 4243 P
1112 4193 1147 4243 26
1165 4186 1238 4244 unul
1251 4203 1301 4244 om.
1321 4185 1358 4243 P‘

347 4259 486 4319 merianus
500 4257 537 4315 P'

1091 4346 1146 4401 dh*
