3322 5190
804 814 832 871 ΙΙ
851 819 956 872 19-14
1321 814 1388 882 369

373 976 498 1044 Ennius
521 976 556 1043 in
578 975 780 1062 Cresphonte

365 1119 372 1135 ·
416 1105 520 1170 neque
560 1085 681 1149 terrem
722 1083 840 1150 inicere
881 1104 985 1169 neque
1026 1085 1162 1149 cruente
1203 1083 1386 1151 connestire

1119 1193 1256 1256 corpore

416 1259 497 1326 milri
528 1260 620 1326 licuit
646 1281 750 1345 neque
778 1261 914 1326 miserae
943 1260 1053 1325 lsusrs
1081 1259 1236 1326 lacrimse
1263 1260 1386 1328 salsum

346 1372 359 1413 s
1119 1348 1323 1436 sangninem.

415 1472 565 1559 Namque
588 1474 727 1540 cenebst
749 1473 798 1540 uti
823 1495 979 1560 magnum
1002 1472 1180 1560 perinsus
1203 1475 1318 1541 coacte
1395 1481 1435 1546 2‘2

415 1565 541 1630 semine
563 1565 787 1649 terrorumque
811 1564 1003 1650 enimeeqne
1025 1561 1187 1649 morisque
1210 1562 1364 1650 fuissent,

415 1656 449 1718 et
471 1651 585 1740 liquidi
609 1654 705 1719 eimul
729 1654 830 1740 ignis,
853 1654 891 1719 ut
911 1653 962 1719 his
986 1651 1119 1719 exordis
1142 1652 1256 1739 primis

418 1743 529 1809 omnis
552 1743 678 1829 etipse
702 1747 794 1809 tener
817 1742 930 1808 mundi
953 1741 1154 1809 conoreuerit
1177 1741 1279 1808 orbis:

336 1824 361 1865 ¹⁰
419 1836 490 1898 tum
514 1833 630 1899 dursre
653 1833 773 1917 solnm,
795 1837 829 1898 et
852 1830 1031 1898 discludere
1053 1831 1160 1897 Neres
1182 1835 1285 1916 ponto

417 1923 575 2006 coeperit,
599 1923 632 1986 et
654 1943 761 1986 rerum
785 1920 943 2005 paulatim
967 1940 1094 1984 sumere
1118 1919 1254 2002 formes,

417 2008 548 2093 iamque
571 2029 692 2073 nonum
717 2013 824 2073 terrse
847 2010 1002 2091 stupeant
1025 2007 1186 2071 lucescere
1209 2007 1322 2071 solem.

374 2147 542 2212 Lucretius
565 2148 599 2211 in
621 2148 735 2231 quinto
755 2149 810 2212 ubi
830 2147 869 2211 de
888 2145 1077 2211 confusione
1097 2144 1186 2210 orbis
1205 2149 1282 2210 ente
1300 2145 1436 2218 hunc2f

374 2237 496 2299 stolum
520 2235 663 2319 loquitur

336 2349 361 2388 ¹⁶
419 2337 470 2404 his
493 2360 598 2424 neque
621 2342 691 2405 tum
716 2339 797 2406 solis
821 2343 896 2406 rota
918 2339 1006 2404 corni
1030 2338 1152 2404 lumine
1175 2338 1262 2405 clero

422 2427 598 2495 sltiuolsns
621 2431 765 2514 poteret,
788 2450 892 2514 neque
915 2427 1026 2514 megni
1050 2426 1156 2493 sidere
1178 2426 1304 2513 mundi,

422 2540 480 2583 nec
504 2540 592 2584 mere
617 2540 674 2585 nec
697 2520 819 2585 coelum
856 2539 916 2585 nec
940 2518 1078 2603 denique
1101 2520 1269 2583 terraneo
1292 2540 1361 2604 ser,

421 2629 481 2674 nec
504 2608 620 2674 similis
643 2609 764 2675 nostris
788 2569 884 2674 relus
908 2629 960 2673 ree
983 2607 1053 2674 ulle
1076 2606 1188 2672 uideri.

424 2697 480 2763 sed
505 2718 592 2763 nous
614 2701 793 2783 tempestas
817 2698 973 2782 qnsedem
997 2697 1163 2781 molesque
1187 2697 1309 2763 coorts.

336 2797 363 2835 ²⁰
422 2784 580 2871 diffugere
603 2786 679 2851 inde
702 2787 765 2853 loci
788 2789 898 2872 portes
921 2807 1055 2869 coepere
1078 2806 1237 2870 penesque

423 2895 497 2940 cum
521 2875 654 2960 peribus
678 2875 770 2962 iungi
794 2897 846 2940 res
869 2879 903 2939 et
925 2873 1104 2939 discludere
1128 2872 1283 2939 mnndum

422 2963 632 3050 membraque
656 2964 797 3030 diuidere
820 2968 854 3029 et
877 2983 1015 3049 magnes
1038 2962 1208 3047 disponere
1231 2964 1351 3046 portes.

378 3090 412 3155 ct
434 3088 520 3154 infre
1401 3097 1438 3162 2·

422 3194 485 3261 hoc
509 3198 560 3261 cst
583 3218 603 3261 e
626 3197 721 3262 terris
745 3216 899 3282 maguum
924 3215 1088 3261 secernere
1111 3195 1236 3259 coelum

338 3293 366 3335 ²⁶
425 3288 459 3350 et
481 3305 627 3350 seorsum
651 3307 739 3351 mere
762 3286 811 3351 uti
835 3288 959 3351 secreto
982 3283 1119 3348 humore
1142 3286 1270 3367 pateret

425 3393 555 3438 seorsus
578 3373 656 3437 item
680 3373 753 3458 puri
776 3373 954 3458 secretique
978 3371 1117 3437 aetheris
1140 3371 1242 3456 ignes.

380 3495 536 3669 etslllrfrllsr
559 3603 645 3669 enim
669 3602 774 3689 megis
798 3603 878 3670 hsec
901 3625 940 3669 ex
964 3601 1091 3667 leuibus
1115 3603 1213 3688 etque
1235 3600 1392 3670 rotundis.

452 3799 468 3848 2
487 3813 514 3849 u.
536 3800 587 3851 leo
606 3796 649 3851 ed.
669 3802 685 3850 2
704 3795 785 3851 Ribb.
805 3800 857 3850 848
876 3793 942 3849 lano.
962 3793 1057 3850 Muell.
1157 3800 1174 3849 θ
1193 3793 1282 3864 eclog.
1301 3792 1341 3848 Vl
1358 3798 1392 3848 sl

384 3868 415 3919 15
435 3865 459 3919 V
478 3868 531 3920 4³2
585 3871 621 3920 24
639 3864 676 3921 lb.
695 3870 747 3920 446
802 3871 837 3920 28
855 3863 893 3920 ib.
908 3869 960 3919 465

381 3978 485 3987 -0
492 3980 500 3986 -
507 3980 513 3986 .
520 3978 594 3987 .-—--

455 4048 467 4097 1
489 4042 558 4098 creir
576 4042 683 4113 phonts
701 4042 730 4097 P
803 4048 820 4097 t
838 4042 908 4096 msln
927 4058 1045 4112 corporo
1062 4042 1144 4096 lreurt
1161 4042 1189 4096 P
1259 4044 1276 4096 4
1294 4037 1394 4095 lelium

381 4113 480 4170 om.1'
565 4120 598 4168 ιο
616 4113 709 4169 Nereo
726 4129 776 4168 om.
797 4113 825 4168 P
908 4117 940 4166 11
960 4114 1092 4183 coeperat
1110 4114 1139 4168 P
1220 4117 1252 4168 15
1271 4113 1395 4167 osrnrtor

383 4185 487 4239 lumine
507 4184 629 4240 clsmore
650 4185 679 4238 P
749 4189 781 4239 19
801 4184 918 4239 cohorte
938 4184 966 4238 P

436 4283 577 4325 Mscsonrrs
1147 4277 1182 4326 24
