3322 5190
357 855 424 921 426
732 854 808 910 ΒΔΤ.
827 854 925 911 LIBRI
943 854 995 911 Vll

309 1021 351 1087 13
361 1018 534 1104 quaeritur.
585 1018 670 1102 quod
703 1021 812 1082 autem
840 1018 873 1081 in
902 1017 1025 1082 edendo
1053 1018 1138 1082 sicut
1165 1019 1198 1082 iu
1226 1019 1371 1102 potando

361 1104 476 1170 suades
504 1105 597 1169 uaria
624 1105 737 1188 uitari,
765 1105 865 1168 habet
888 1106 1018 1170 latentis
1042 1106 1204 1190 captionis
1227 1106 1371 1189 insidias,

359 1192 435 1276 quia
465 1193 596 1257 nomine
628 1192 849 1257 similitudinis
878 1193 1050 1257 coloratur.
1100 1197 1242 1257 ceterum
1272 1192 1371 1277 longe

359 1280 425 1345 alia
442 1285 548 1365 potus,
572 1280 635 1344 alia
653 1280 797 1344 ciborum
816 1279 901 1345 ratio
922 1285 979 1344 est
1017 1280 1090 1364 quis
1110 1281 1195 1344 euim
1215 1302 1370 1363 umquam

360 1366 481 1433 edendo
500 1367 675 1452 plurimum
695 1379 802 1431 mente
822 1369 987 1432 sauciatus
1001 1373 1061 1450 est,
1080 1367 1165 1452 quod
1180 1369 1212 1431 in
1227 1367 1368 1432 bibendo
1396 1394 1410 1433 s

307 1460 350 1524 14
360 1454 542 1539 contingit?
579 1456 682 1520 fartus
707 1454 779 1519 cibo
803 1456 971 1520 stomacho
995 1456 1048 1519 uel
1072 1461 1184 1518 uentre
1204 1461 1369 1540 grauatur,

359 1540 486 1608 infusus
510 1543 585 1606 uino
608 1544 646 1608 fit
670 1543 785 1607 similis
809 1544 935 1626 insano,
959 1544 1074 1627 opinor
1092 1541 1168 1626 quia
1187 1544 1368 1608 crassitudo

358 1629 423 1695 cibi
446 1652 510 1695 uuo
533 1629 566 1694 iu
586 1630 656 1695 loco
675 1653 867 1715 permanens
886 1635 1035 1716 expectat
1053 1630 1367 1696 administrationem

358 1718 558 1804 digestionis,
580 1724 614 1784 et
636 1723 712 1784 tuno
736 1718 864 1783 demum
889 1719 1042 1783 membris
1061 1719 1181 1783 sensim
1201 1719 1367 1785 conlectus

359 1807 519 1890 illabitur;
547 1811 642 1891 potus
671 1811 707 1871 ut
733 1811 850 1871 natura
877 1807 981 1872 leuior
1008 1829 1083 1872 mox
1107 1808 1209 1872 altum
1232 1809 1315 1892 petit
1337 1812 1371 1873 et
1386 1833 1411 1873 ro

361 1896 541 1980 cerebrum,
574 1894 657 1980 quod
690 1895 724 1960 iu
757 1896 878 1960 uertice
912 1896 1052 1961 locatum
1085 1902 1147 1981 est,
1180 1895 1256 1961 ferit
1288 1896 1369 1962 fumi

309 1986 493 2056 lbcalentis
526 1986 704 2070 aspergine.
754 1990 787 2050 et
812 1985 884 2050 ideo
912 1986 1003 2050 uaria
1031 1986 1107 2050 uiua
1134 1985 1295 2069 uitentur,
1327 2007 1369 2051 ue

360 2095 423 2159 res,
446 2097 528 2161 quae
551 2074 591 2140 ad
615 2074 843 2160 possidendum
868 2080 965 2159 caleat
988 2075 1157 2160 repentina
1180 2079 1239 2158 cst,
1262 2076 1369 2141 calore

360 2169 428 2229 tarn
447 2163 574 2229 diuerso
594 2186 690 2248 quam
710 2164 818 2229 subito
837 2164 964 2229 consilii
984 2165 1091 2229 sedem
1110 2165 1241 2229 sauciat
1283 2166 1369 2249 quod

358 2273 459 2337 acque
487 2253 522 2316 iu
548 2253 612 2318 cibi
640 2253 798 2316 uarietate
827 2253 1034 2317 metuendum
1063 2253 1152 2317 nulla
1179 2252 1369 2336 similitudo,
1384 2275 1409 2317 rs

308 2341 443 2411 lssrstio
466 2338 558 2404 nulla
580 2341 762 2423 persuadet.
808 2341 842 2403 in
867 2341 924 2404 illa
948 2362 1024 2405 uero
1048 2340 1281 2424 disputatione,
1305 2364 1370 2425 qua

358 2426 574 2512 digestionum
623 2429 767 2490 ordinem
811 2448 958 2491 sermons
999 2427 1163 2491 luculento
1205 2432 1237 2493 et
1277 2429 1369 2492 uario

359 2512 536 2600 digessisti,
559 2513 617 2578 illa
636 2514 754 2598 omnia,
779 2534 859 2597 quae
879 2514 918 2578 de
936 2519 1053 2579 natura
1071 2514 1205 2578 bumani
1224 2516 1370 2615 corporis

356 2601 443 2667 dicta
474 2604 568 2684 suut,
599 2608 632 2665 at
664 2601 711 2664 nil
745 2605 863 2665 uoceut
895 2601 1080 2686 propositae
1109 2603 1304 2685 quaestioni,
1337 2606 1370 2667 et

357 2688 547 2774 eloquenter
571 2689 658 2753 dicta
681 2711 746 2753 non
771 2689 906 2774 abnego.
948 2690 995 2754 illi
1020 2690 1082 2753 soli
1106 2711 1170 2753 uon
1195 2690 1368 2774 adsentior,
1383 2714 1409 2753 eo

358 2778 442 2862 quod
462 2800 557 2843 sucos
577 2778 685 2843 uarios
706 2780 744 2841 de
764 2778 910 2842 ciborum
930 2779 1087 2843 uarietate
1107 2779 1269 2843 confectos
1287 2778 1367 2843 dicis

357 2868 537 2933 contrarios
562 2889 632 2930 esse
656 2868 859 2950 corporibus,
884 2890 956 2931 cum
980 2889 1115 2950 corpora
1138 2869 1209 2951 ipsa
1233 2866 1271 2931 de
1294 2890 1368 2932 cou-

305 2957 465 3026 17trariis
495 2957 707 3040 qualitatibus
731 2956 891 3019 fabricate
915 2957 988 3019 sint.
1036 2979 1073 3018 cx
1098 2956 1200 3018 calido
1225 2955 1310 3018 enim
1336 2961 1368 3018 et

356 3043 488 3127 frigido,
520 3045 558 3106 de
592 3046 677 3107 sicco
706 3049 739 3106 el
766 3044 897 3106 lmurido
927 3048 1122 3106 constamus
1173 3043 1261 3105 cibus
1290 3065 1366 3106 uero

357 3131 494 3215 simplex
518 3153 629 3195 sucum
654 3132 692 3195 dc
717 3153 751 3195 ee
775 3132 869 3195 unius
889 3132 1056 3214 qualitatis
1076 3130 1202 3195 emittit
1245 3131 1363 3195 scimus
1379 3154 1405 3194 se

358 3224 465 3283 eutem
491 3219 652 3283 similibus
676 3219 795 3284 similia
819 3220 946 3284 nutriri.
987 3220 1037 3283 dic
1060 3240 1178 3303 quaeso
1197 3218 1281 3283 unde
1301 3225 1366 3283 tres

305 3316 345 3379 18
357 3308 439 3373 aliae
459 3310 633 3392 qualitates
652 3310 796 3392 corporis
815 3309 1023 3373 nutriantur?
1061 3308 1190 3392 singula
1205 3312 1310 3372 autem
1327 3308 1365 3372 ad

359 3419 393 3461 se
409 3396 651 3462 similitudinem
668 3399 716 3462 sui
732 3421 845 3482 rapere
861 3398 954 3462 testis
970 3398 1235 3481 Erupedoolce,
1251 3397 1305 3481 qui
1321 3399 1368 3462 ait

356 3522 400 3598 ὡς
409 3525 514 3604 γλυκὺ
524 3519 585 3605 plo
596 3525 701 3604 γλυκὺ
711 3523 848 3608 μάρπτε,
857 3525 976 3606 πικρὸν
987 3518 1017 3586 d‘
1026 3520 1078 3587 ἐπὶ
1089 3523 1366 3606 πικρὸνόρουσεν,

358 3609 416 3688 ὀξὺ
441 3609 471 3675 d'
496 3608 545 3675 ἐπ’
569 3612 627 3689 ὀξὺ
652 3615 726 3696 ἔβη,
751 3614 880 3698 θερμὸν
905 3607 935 3675 d'
958 3611 1130 3697 ἐποχεύετο
1153 3617 1278 3698 θερμῷ.
1382 3636 1408 3675 ao

304 3739 387 3810 l9te
425 3740 533 3802 autem
570 3758 666 3822 saepe
704 3737 798 3803 audio
832 3737 1041 3823 Hippocratis
1078 3736 1125 3802 tui
1162 3735 1261 3801 uerba
1294 3759 1366 3802 cunr

426 3955 442 4003 6
467 3949 608 4004 stomacho
625 3952 630 4018 Ι
647 3950 690 4005 uel
716 3954 812 4005 uentre
836 3952 863 4004 P
928 3958 961 4004 26
986 3949 1135 4020 qualibed,
1159 3951 1186 4003 P
1256 3956 1290 4004 28
1310 3970 1366 4004 oru-

354 4021 531 4091 podoclelP
629 4027 663 4075 29
689 4025 789 4093 ΛΥΙΚΥ
808 4024 997 4077 ΜΕΝΤΑΥΚΥ
1012 4023 1039 4075 Ρ
1137 4022 1194 4092 ἐ[π1
1214 4025 1312 4090 πικρόν
1333 4053 1365 4062 -

354 4144 469 4216 θερμόν]
488 4163 537 4200 ons.
558 4143 594 4201 P'
661 4146 996 4218 eope-iasoet]clt1³
1057 4094 1164 4214 ΕΒὲΡ
1230 4149 1255 4201 δ’
1274 4165 1324 4203 osia.
1345 4148 1372 4200 P

388 4218 573 4272 ΠΟΧΕΥΕΤΟ
593 4218 620 4271 Ρ
