3322 5190
473 799 540 854 Vlll
560 804 665 856 rl-se
691 801 769 857 VIIII
789 808 802 857 1
1085 807 1150 872 401

136 984 234 1049 porro
267 961 343 1028 huic
364 961 535 1028 uocabulo
562 961 649 1028 ratio
678 961 722 1028 sit
749 963 862 1048 quaeri
889 964 1030 1030 multum
1058 967 1153 1050 solet,

137 1051 194 1117 sed
222 1073 304 1136 quae
333 1052 456 1137 scripta
481 1050 565 1135 apud
589 1050 723 1116 idoneos
747 1056 895 1118 auctores
918 1053 984 1140 legi
1007 1053 1153 1139 proferre

137 1141 171 1205 in
194 1139 334 1205 medium
357 1161 423 1205 non
446 1139 582 1225 pigebit
619 1161 664 1204 ue
684 1138 854 1225 particula,
877 1141 973 1207 sicuti
992 1143 1151 1228 quaedum
1164 1148 1205 1214 18

138 1227 213 1313 alia,
231 1231 301 1294 turn
320 1227 535 1294 intentionem
550 1228 716 1312 significat
730 1233 800 1294 tum
814 1230 1037 1297 minutionem.
1074 1254 1151 1298 narn

107 1320 248 1384 suetus
272 1321 306 1381 et
326 1317 548 1401 uehemens,
572 1318 709 1383 alterurn
729 1317 771 1383 ab
791 1319 908 1384 aetatis
926 1320 1152 1406 maguitudino

137 1406 340 1491 conpositum
364 1407 542 1491 elisumque
566 1408 625 1491 est,
648 1401 787 1472 alterum
811 1430 831 1472 a
853 1407 956 1473 nimio
975 1408 1100 1496 impetu
1119 1413 1153 1475 et

136 1495 170 1561 ui
201 1496 321 1561 mentia
352 1496 555 1562 instructum.
606 1517 742 1564 uecors
778 1499 887 1563 autem
920 1499 954 1563 et
985 1520 1150 1565 ueaanus

136 1584 354 1670 priuationem
392 1585 555 1672 significat
586 1585 736 1652 sanitatis
768 1588 804 1652 et
835 1586 953 1653 cordis.
1008 1587 1149 1654 diximus
1162 1593 1203 1658 19

137 1677 246 1740 autem
280 1675 442 1760 superius,
475 1697 543 1757 eos,
577 1676 630 1759 qui
662 1675 791 1759 amplas
823 1675 937 1743 domos
970 1677 1150 1763 antiquitus

98 1762 313 1847 rolaciebaut,
354 1766 461 1830 locum
503 1767 579 1829 ante
620 1769 752 1830 ianuam
793 1787 932 1832 uacuum
969 1767 1152 1853 relinquere

137 1853 266 1939 solitos,
293 1853 349 1938 qui
377 1854 463 1919 inter
491 1854 576 1919 fores
604 1853 719 1919 domus
743 1856 777 1919 et
798 1856 886 1920 uiam
909 1854 1035 1921 medius
1058 1860 1152 1922 esset.

136 1942 170 2006 in
193 1963 232 2006 eo
256 1943 328 2007 loco
354 1942 409 2027 qui
432 1942 599 2007 dominum
623 1941 692 2008 eius
716 1941 831 2008 domus
855 1943 1033 2009 salutatum
1056 1949 1206 2014 uene-20

137 2031 220 2114 rant,
242 2029 430 2115 priusquam
455 2031 713 2114 admitterentur,
736 2031 968 2116 consistebant,
992 2034 1025 2097 et
1047 2053 1152 2119 neque

137 2118 171 2182 in
195 2117 251 2182 uia
273 2119 407 2184 stabant
428 2141 532 2202 neque
555 2120 642 2183 intra
666 2118 762 2184 aedes
786 2123 885 2184 erant.
926 2120 967 2184 ab
991 2120 1049 2186 illo
1074 2142 1153 2206 ergo

99 2204 271 2290 regnandis
296 2206 359 2271 loci
382 2208 578 2272 consistione
602 2208 636 2271 et
658 2207 751 2291 quasi
775 2207 913 2290 quadam
934 2207 1153 2274 stabulatione

138 2293 336 2359 uestibulo
364 2295 529 2380 appellata
556 2297 633 2360 sunt
661 2294 782 2380 spatia,
809 2295 843 2360 in
873 2295 1152 2380 quibusmultum

139 2385 282 2449 staretur
305 2383 346 2448 ab
366 2384 624 2469 aduenientibus,
647 2385 836 2470 priusquam
856 2384 1153 2453 intromitterentur

139 2472 174 2538 in
201 2473 342 2540 domurn.
390 2474 459 2553 alii,
488 2473 726 2540 consentientes
754 2474 918 2540 uestibulo
946 2475 1058 2541 eadem
1082 2481 1202 2547 esseut

139 2585 222 2648 quac
254 2564 409 2649 diximus,
441 2565 475 2629 in
509 2586 605 2629 sensu
632 2567 741 2630 tamen
768 2564 920 2631 uocabuli
948 2565 1153 2634 dissentiunt.

100 2675 127 2717 ao
143 2655 288 2719 referunt
311 2654 395 2719 enim
417 2675 482 2720 non
502 2653 541 2719 ad
562 2676 628 2738 eos,
651 2655 706 2739 qui
726 2653 912 2741 adueniunt,
935 2655 991 2721 sed
1010 2655 1050 2721 ad
1069 2657 1153 2743 illos,

141 2743 195 2827 qni
233 2743 265 2806 in
304 2743 399 2808 domo
435 2746 654 2825 commanent,
691 2744 845 2828 quoniam
877 2743 944 2809 illic
975 2766 1152 2829 numquam

139 2830 337 2915 consistunt,
361 2832 417 2895 sed
440 2832 542 2897 solius
566 2831 725 2896 transitus
749 2853 847 2897 causa
873 2830 913 2897 ad
936 2832 1022 2898 hunc
1045 2834 1152 2899 locum

139 2919 275 2982 ueniunt
298 2919 442 2985 exeundo
466 2920 535 2984 siue
559 2917 730 2984 redeundo.
766 2920 835 2984 siue
856 2920 960 3005 igitur
977 2919 1206 2990 secuudum22

139 3005 262 3090 priores
289 3028 348 3091 per
375 3010 587 3092 augmentum
616 3006 684 3072 siue
713 3028 769 3092 per
799 3008 955 3073 secundos
978 3030 1036 3093 per
1058 3007 1153 3074 dimi-

98 3114 124 3156 as
139 3093 305 3161 nutionem
325 3096 578 3182 intellegendum
599 3098 658 3180 est,
677 3099 785 3161 tamen
805 3096 1002 3161 uestibulum
1022 3099 1153 3163 constat

138 3204 247 3249 aream
270 3183 343 3268 dici,
367 3206 449 3268 quae
469 3207 489 3248 a
506 3184 561 3249 uia
580 3185 710 3249 domum
729 3183 855 3249 diuidit.
892 3183 1024 3250 lauces
1043 3189 1151 3251 autem

137 3273 200 3336 iter
231 3277 407 3357 angustum
441 3276 503 3354 est,
535 3294 593 3356 per
621 3272 705 3357 quod
734 3271 773 3335 ad
801 3272 1001 3337 uestibulum
1033 3273 1072 3337 de
1099 3275 1154 3340 uia

138 3359 285 3426 flectitur.
332 3381 410 3445 ergo
434 3357 562 3424 Aeneas
590 3381 663 3424 eum
687 3359 776 3424 uidet
797 3358 908 3424 farrces
932 3361 1028 3444 atqua
1051 3362 1149 3426 uesti-
1164 3367 1207 3433 23

140 3448 250 3513 bulum
282 3446 397 3513 domus
430 3447 618 3532 impiorum,
646 3469 711 3514 non
740 3448 791 3512 est
819 3446 909 3512 intra
935 3448 1067 3513 domum
1095 3471 1154 3515 nec

98 3560 126 3600 ao
140 3539 291 3602 contentu
315 3537 443 3602 aedium
467 3559 564 3602 saeuo
589 3535 827 3622 execrabilique
850 3536 1017 3622 polluitur,
1040 3538 1096 3605 sed
1115 3537 1155 3604 de

138 3625 194 3690 uia
216 3626 305 3691 uidet
327 3626 399 3690 loca
422 3625 506 3689 inter
530 3626 618 3690 uiam
641 3628 674 3690 et
696 3624 791 3690 aedes
815 3625 944 3692 locata.’

229 3747 429 3814 ‘Bidentes
452 3748 605 3814 hostiae
629 3748 705 3834 quid
729 3746 848 3814 ossent'
872 3748 978 3834 inquit
999 3750 1210 3837 Auis-VIIII

139 3857 199 3902 nus
224 3834 438 3924 ‘interrogaui
461 3836 621 3923 quendam
645 3836 684 3902 de
705 3836 992 3923 grammaticorum
1012 3836 1154 3923 cohorte,

139 3927 173 3991 et
213 3924 269 3991 ille
311 3926 489 3993 bidentes
528 3948 604 3992 oues
641 3947 712 3992 esse
749 3926 931 4012 respondit,
972 3926 1155 4015 idcircoque

98 4037 125 4080 ae
140 4015 338 4101 lanigeras
358 4016 529 4096 adiectum,
549 4018 586 4081 ut
604 4036 681 4080 oues
700 4015 829 4099 planius
845 4015 1156 4086 demonstrarentur.

139 4123 352 4134 ——-—-——-=

210 4172 556 4229 wmmfflmP

192 4272 336 4313 Mscsoarvs
908 4267 942 4316 26
