3322 5190
342 836 411 908 060
669 835 841 898 sollum!
858 836 1037 898 smmum

281 1013 284 1021 '
344 1001 463 1089 quun·
485 1002 666 1087 surputstis
687 1002 793 1069 usmis
815 1001 972 1088 proferto,
993 1003 1124 1089 quentis
1140 1002 1178 1069 iu
1195 1003 1372 1088 uugustiis

345 1093 457 1156 uestra
474 1109 510 1155 ιο
528 1089 636 1176 glorie
652 1087 786 1156 dilaturi
802 1088 893 1157 uelit
919 1088 985 1176 ipsi
1002 1093 1113 1158 sutem
1130 1090 1187 1177 qui
1203 1089 1245 1157 ds
1263 1090 1371 1158 uobis

344 1177 497 1243 locuntur
519 1196 620 1263 quum
641 1176 816 1261 loquentur
837 1175 917 1245 diu?
1151 1185 1156 1195 '

292 1295 362 1368 VII
451 1296 539 1379 Quin
560 1298 661 1366 etium
687 1297 718 1366 si
744 1299 857 1390 eupiut
882 1300 993 1386 prolss
1014 1300 1074 1368 ιἸΙι
1095 1297 1283 1368 futurorum
1305 1299 1373 1371 ho·

346 1388 473 1456 minum
490 1386 642 1476 deiuesps
660 1387 773 1457 leudes
790 1389 887 1456 unius
901 1388 1055 1476 uniusque
1066 1393 1215 1458 nothum
1228 1411 1250 1457 ι
1261 1392 1372 1478 putri·
1398 1408 1415 1452 ι

347 1477 411 1546 bus
428 1481 581 1563 receptus
598 1477 740 1564 posteris
757 1477 904 1567 prodere,
915 1481 1028 1547 tamur
1039 1482 1175 1567 propter
1193 1478 1370 1548 eluuiuuu

348 1565 597 1653 exustiuuequs
619 1571 795 1653 terrerum,
817 1588 899 1652 quus
927 1567 1072 1635 souliers
1097 1571 1245 1655 tempore
1272 1572 1370 1635 serto

346 1675 480 1723 neeesse
497 1658 559 1742 est,
575 1676 644 1722 non
660 1653 758 1722 modo
774 1675 842 1723 nou
859 1658 1029 1724 aternum
1046 1655 1103 1723 sed
1120 1676 1163 1723 ue
1175 1655 1368 1723 diuturnum

317 1743 480 1832 iquidsm
503 1743 641 1835 glorium
664 1743 799 1832 sdsequi
820 1764 1006 1831 possumus.
1037 1744 1116 1831 quill
1134 1748 1244 1812 sutem
1261 1744 1368 1812 inter-

350 1836 417 1918 est,
443 1832 487 1900 sb
509 1832 571 1919 eis,
598 1833 655 1920 qui
676 1840 792 1920 postes
812 1838 1000 1921 namur,
1026 1853 1209 1902 sermonem
1230 1832 1302 1901 iere
1324 1833 1368 1900 de
1381 1853 1413 1899 ιο

350 1922 394 2006 u,
416 1941 490 1988 uum
513 1921 555 1987 sb
577 1919 625 1987 eir
646 1920 759 1988 uullus
781 1919 889 2006 luerit,
910 1920 966 2007 qui
989 1925 1067 1990 unte
1093 1922 1163 1988 usti
1189 1925 1282 2008 suut,
1308 1921 1369 2008 qui

318 2068 323 2079 ,
349 2027 411 2075 neu
428 2008 599 2094 pensiore·
616 2010 754 2074 steorte
771 2007 922 2077 meliores
940 2007 1073 2075 luerunt
1085 2007 1159 2093 uiri,
1171 2011 1367 2093 pressorum

322 2113 327 2122 ’
352 2116 425 2162 eum
448 2093 535 2181 apud
557 2115 614 2162 sos
636 2095 741 2182 ipsos,
763 2115 784 2161 ι
806 2094 925 2182 quibus
947 2095 1055 2164 audiri
1074 2114 1193 2163 usmsu
1213 2101 1368 2164 nostum

396 2185 479 2270 test,
499 2203 596 2248 nemo
618 2182 715 2249 unius
737 2181 816 2249 snui
839 2184 1030 2250 memorium
1057 2183 1214 2270 uousequi
1239 2184 1368 2270 posdtl

321 2271 343 2340 Β
376 2270 502 2338 omines
524 2270 612 2338 euim
634 2270 836 2359 populariter
858 2292 982 2339 sunum
1004 2275 1134 2341 tuntum
1155 2271 1253 2341 ruodo
1275 2272 1359 2340 solis
1382 2290 1411 2335 ιι

352 2360 461 2428 idest
482 2360 579 2427 unius
601 2361 699 2446 utri,
729 2359 836 2428 nditu
857 2361 1054 2448 metiuntur,
1084 2382 1158 2428 oum
1187 2364 1299 2429 sutem
1326 2321 1372 2428 ni
1451 2414 1453 2417 v

322 2514 335 2523 ,,
352 2447 449 2534 idem,
466 2447 553 2515 uude
572 2448 672 2516 semel
690 2447 836 2535 proiectu
853 2453 940 2533 sunt,
957 2451 1077 2516 euuutu
1093 2453 1185 2515 utre
1201 2447 1370 2535 adierint,

324 2565 328 2573 ·
353 2535 553 2623 eundemque
571 2537 674 2603 tutius
692 2536 774 2604 eseli
791 2536 1041 2625 ‹leseriptiouem
1059 2535 1169 2623 leugis
1181 2535 1368 2605 interuallis

353 2624 535 2708 retulerint,
553 2627 625 2690 tum
643 2621 700 2691 ille
717 2644 795 2691 uere
812 2628 943 2692 uertens
959 2646 1063 2692 sunus
1076 2623 1236 2711 appellari
1248 2627 1370 2713 potest,

355 2715 390 2779 in
409 2734 472 2798 quo
491 2713 547 2778 uix
566 2712 671 2779 dicere
689 2712 802 2800 audeo,
816 2735 912 2799 quem
931 2714 1033 2781 multu
1049 2713 1219 2780 homiuum
1238 2712 1369 2781 saecule
1382 2734 1410 2775 ιι

323 2804 535 2869 ‹iteueuntuu
585 2824 727 2887 numque
754 2807 792 2868 ut
824 2804 901 2868 olim
935 2804 1066 2870 deficere
1099 2805 1148 2869 ‘sol
1180 2803 1369 2870 hominibus

356 2892 568 2979 extinguique
591 2892 682 2957 uisus
705 2895 768 2978 est,
792 2914 864 2958 eum
888 2892 1017 2960 Romuli
1041 2894 1168 2959 unimus
1191 2894 1273 2960 husu
1295 2895 1370 2979 ipss

356 2984 390 3046 in
413 2983 535 3067 templs
558 2982 750 3066 penetrauit,
773 2981 962 3068 quandoque
986 2985 1027 3048 ab
1059 2983 1170 3048 eudem
1198 2987 1291 3068 purte
1319 2982 1369 3049 sol

356 3069 534 3155 eodemque
565 3074 711 3154 tempore
742 3071 857 3135 ilerum
885 3071 1049 3156 defecerit,
1076 3076 1146 3136 tum
1172 3072 1276 3157 siguis
1302 3093 1370 3137 om·

357 3159 453 3222 uibus
493 3157 533 3223 ud
573 3158 768 3243 principium
805 3159 974 3243 stellisque
1010 3160 1170 3224 reuocatis
1203 3161 1369 3244 expletum
1384 3179 1410 3218 ιο

358 3267 479 3311 sunum
497 3245 627 3311 hebeto.
665 3246 755 3311 cuius
775 3246 904 3331 quidem
924 3247 1000 3312 unni
1019 3247 1162 3312 nondum
1180 3248 1371 3314 uicesimum

326 3337 484 3420 bpurtem
517 3335 599 3402 seito
630 3356 700 3401 esse
729 3357 929 3401 conuersum.
979 3335 1143 3422 quocirca,
1171 3336 1199 3401 si
1230 3335 1370 3401 reditum

357 3425 393 3489 iu
407 3424 493 3490 hune
507 3424 612 3490 locum
635 3424 864 3510 desperaueris,
887 3425 920 3490 iu
939 3447 1002 3509 quo
1022 3427 1131 3490 omnis
1148 3429 1225 3490 sunt
1243 3426 1370 3511 mugnis

358 3518 391 3578 et
405 3516 647 3598 praestantibus
663 3515 751 3598 uiris,
771 3515 886 3598 quanti
906 3515 1038 3580 taudem
1060 3520 1110 3579 est
1123 3515 1188 3580 ists
1201 3512 1371 3580 hominum

358 3602 466 3688 glorie
479 3626 561 3689 quse
575 3602 736 3687 pertinere
752 3603 806 3667 uix
821 3604 862 3668 sd
877 3604 970 3668 unius
985 3604 1062 3669 suni
1077 3608 1203 3687 purtem
1219 3604 1370 3688 exiguum
1384 3623 1410 3662 ιο

359 3691 492 3775 potest?
520 3693 620 3777 igitur
640 3691 705 3757 alte
724 3695 870 3776 spectare
889 3694 917 3757 si
936 3692 1034 3776 uoles,
1051 3698 1149 3777 etque
1163 3691 1249 3758 haue
1263 3693 1372 3757 sedem

360 3845 471 3852 mam-...-
481 3845 501 3850 ..
513 3845 551 3850 »n
558 3845 571 3851 -η

431 3922 616 3988 eloquentur
637 3919 671 3990 P,
690 3921 843 3991 loquuntur
860 3922 889 3976 Β
940 3925 955 3975 'l
974 3921 1050 3976 certo
1069 3922 1195 3991 tempore
1214 3921 1243 3976 Β
1298 3925 1314 3975 9
1332 3921 1373 3977 ss-

359 3992 437 4060 sequr
456 3992 516 4047 PB
625 3991 917 4047 100t11ubh1rB
1016 3996 1048 4046 12
1067 3988 1109 4062 et]
1130 3991 1223 4047 uelB
1319 4011 1374 4048 um

360 4064 426 4118 dum
445 4062 607 4133 praesertim
627 4080 643 4117 s
665 4063 701 4117 ud
721 4063 748 4116 Β
839 4062 1091 4131 ltloq31urrterB
1182 4067 1214 4119 le
1234 4061 1327 4118 reule
1347 4064 1376 4117 P

359 4140 394 4259 gt
414 4139 510 4261 uurugr
528 4081 735 4190 hebetoirurur
750 4134 778 4189 Β
827 4133 960 4205 urgelrurlu
978 4134 1005 4188 Β
1055 4139 1089 4190 ul
1109 4132 1206 4189 iertB
1255 4140 1291 4191 ιδ
1310 4134 1375 4189 lunt

380 4223 454 4261 muru
