3322 5190
390 841 457 905 456
766 841 849 897 SAT..
862 839 961 896 LIBRI
979 839 1031 897 Vll

394 1003 546 1067 citauerit
577 1003 638 1066 sibi
676 1001 856 1067 naturalem
895 1003 1048 1080 calorem,
1082 1002 1259 1066 animosius
1297 1001 1403 1065 eibum

394 1090 526 1172 adpetit.
572 1089 811 1154 consideremus
836 1094 868 1153 et
893 1090 1048 1154 animalis
1071 1090 1228 1174 sauguine
1252 1091 1405 1171 carentia,

363 1176 476 1263 bquue
501 1178 624 1242 nullum
644 1179 751 1243 eibum
772 1182 930 1263 quaerent
949 1179 1083 1263 penuria
1102 1178 1228 1242 caloris.
1274 1199 1352 1262 ergo
1376 1178 1403 1241 si

394 1268 482 1331 calor
501 1288 627 1349 semper
647 1267 680 1331 in
701 1267 887 1350 adpetentia
906 1276 965 1348 est,
988 1268 1094 1350 liquor
1113 1271 1219 1331 autem
1239 1267 1403 1350 proprium

394 1355 510 1421 caloris
534 1356 722 1420 alimentum
746 1362 810 1440 est,
837 1357 918 1420 boue
942 1356 976 1420 in
1004 1355 1099 1420 nobis
1122 1377 1194 1420 curn
1223 1378 1262 1420 ex
1286 1355 1404 1419 ieiunio
1431 1375 1444 1414 s

393 1445 521 1527 corpori
544 1445 741 1508 nutrimenta
769 1451 978 1528 quaeruntur,
1005 1445 1175 1529 praecipue
1199 1445 1287 1509 calor
1310 1466 1404 1509 suum

393 1532 550 1615 postulat,
592 1553 655 1615 quo
697 1536 828 1615 accepto
874 1555 992 1616 eorpus
1033 1553 1129 1596 omne
1170 1536 1335 1596 recreatur
1373 1537 1405 1595 et

394 1619 570 1702 patientius
594 1622 742 1703 expectet
765 1619 908 1684 cibatum
932 1618 1136 1684 solidiorem?

362 1703 383 1767 6
485 1705 544 1770 His
565 1707 659 1770 dietis
684 1706 815 1772 anulum
837 1708 978 1771 Auienus
997 1708 1035 1771 de
1055 1729 1166 1771 meuse
1188 1706 1325 1788 rettulit,
1349 1707 1402 1789 qui

392 1794 441 1858 illi
465 1795 504 1858 de
528 1795 718 1859 breuissime
746 1796 895 1860 dexterae
923 1819 1039 1861 mauus
1067 1796 1171 1879 digito
1195 1800 1327 1879 repente
1351 1796 1403 1858 de·
1418 1817 1444 1853 ιο

392 1883 522 1966 ciderat,
545 1905 680 1969 cumque
705 1907 724 1949 a
747 1885 971 1967 praesentibus
1003 1889 1223 1969 quaereretur,
1251 1905 1403 1947 careum

394 1971 517 2036 alienes
541 1976 650 2037 manui
674 1981 706 2037 st
730 1973 843 2057 digito,
867 1977 899 2037 et
922 1995 987 2037 uon
1011 1973 1084 2036 huie
1108 1971 1283 2057 gestamini
1308 1971 1404 2056 depu-

392 2061 472 2125 tatis
508 2062 616 2145 potius
653 2063 821 2145 insereret,
860 2063 1003 2127 ostendit
1035 2084 1166 2125 manum
1204 2062 1331 2125 laeuam
1365 2083 1403 2124 ex

362 2147 527 2213 'luulnere
570 2151 784 2214 tumidiorem.
844 2137 920 2214 iride
957 2149 1048 2214 Horo
1086 2155 1164 2214 nata
1201 2150 1403 2234 quaestionis

392 2238 533 2322 occasio,
562 2251 593 2302 et
621 2238 692 2303 ‘die'
721 2239 827 2323 inquit
855 2238 974 2303 ‘Disari
1006 2276 1043 2286 -
1074 2240 1179 2304 omnis
1208 2239 1293 2303 enim
1322 2239 1443 2303 situsn

392 2327 537 2410 eorporis
561 2329 701 2411 pertinet
724 2329 763 2391 sd
789 2328 903 2391 medici
926 2328 1102 2409 notionem,
1126 2333 1160 2391 tu
1186 2349 1262 2391 uero
1286 2327 1402 2390 doctri-

391 2436 467 2478 nam
493 2423 525 2479 et
548 2417 644 2500 ultre,
667 2438 763 2500 quarn
788 2416 945 2480 medicina
968 2416 1130 2499 postulat,
1155 2418 1345 2479 consecutus
1370 2439 1403 2478 es

391 2539 436 2549 —
458 2502 519 2586 die,
542 2505 688 2588 inquam,
716 2526 773 2568 eur
796 2505 857 2567 sibi
882 2506 1064 2568 communis
1092 2504 1247 2568 adsensus
1271 2503 1402 2568 anulum

392 2590 426 2654 in
456 2590 560 2675 digito
584 2593 638 2675 qui
663 2593 797 2656 minimo
820 2593 945 2656 uicinus
969 2600 1031 2673 est,
1055 2614 1150 2676 quem
1180 2593 1277 2655 etium
1306 2591 1403 2655 medi·

391 2678 528 2742 eieslem
548 2684 676 2758 uocant,
696 2686 729 2744 et
749 2702 846 2744 manu
866 2681 1038 2765 praecipue
1058 2681 1190 2744 sinistra
1209 2679 1444 2762 gestandorum

391 2790 460 2831 esse
485 2767 675 2850 persuasit‘i'

360 2857 379 2919 8
475 2855 683 2920 diuisurus
704 2858 753 2920 ‘de
773 2858 833 2921 huc
853 2858 923 2941 ipsa
942 2858 1132 2940 qrraestiouc
1148 2880 1253 2921 sermo
1274 2857 1401 2940 quidam

391 2944 430 3007 od
454 2967 513 3008 nos
534 2947 574 3008 ab
595 2945 749 3030 Aegypto
774 2951 916 3028 uenerat,
941 2945 979 3009 de
1004 2969 1067 3028 quo
1092 2946 1288 3026 dubitabam,
1313 2946 1402 3008 felin-

391 3032 497 3096 lamue
522 3056 563 3096 an
588 3056 696 3097 ueram
722 3035 882 3097 rationem
906 3056 1071 3116 necarem,
1095 3035 1149 3096 sed
1175 3034 1267 3096 libris
1291 3043 1401 3096 anatu-

391 3121 547 3183 micorum
585 3129 699 3203 postea
740 3122 899 3185 consultis
938 3145 1048 3184 uerum
1088 3123 1229 3204 repperi,
1268 3143 1444 3184 neruuurss

391 3208 550 3289 quendum
575 3210 613 3273 ile
637 3209 732 3276 corde
758 3216 868 3274 nutum
894 3212 1053 3293 priersiuu
1078 3232 1212 3295 pergere
1238 3234 1336 3292 usque
1362 3211 1401 3274 nd

390 3295 528 3380 digitum
556 3321 669 3362 manus
698 3301 849 3363 sinistrae
879 3301 1014 3362 minimo
1044 3301 1240 3382 proximum,
1272 3305 1304 3362 et
1336 3300 1402 3362 illie

389 3385 534 3450 desinere
567 3388 756 3471 inplicaturn
790 3389 904 3451 ceteris
933 3388 1076 3451 eiusdem
1105 3388 1198 3470 digiti
1224 3388 1346 3465 uernis,
1371 3396 1403 3451 et

389 3474 461 3538 ideo
489 3476 592 3540 uisuru
617 3478 794 3559 ueteribuS,
824 3482 859 3542 ut
886 3477 940 3541 ille
970 3477 1089 3561 digitus
1115 3478 1211 3540 uitulo
1236 3484 1401 3560 tamquam

390 3586 510 3628 corona
534 3566 801 3629 circumdaretur!
1416 3592 1443 3630 se

358 3654 378 3716 9
478 3653 522 3716 Et
547 3654 654 3718 Herus
679 3653 781 3719 ‘adeo'
806 3656 910 3738 inquit
934 3654 1055 3718 ‘Disori
1079 3676 1191 3717 uerum
1216 3658 1265 3718 est
1289 3654 1343 3732 ita,
1367 3661 1403 3717 ut

388 3741 481 3820 dicia,
514 3739 694 3827 Aegyptios
724 3744 863 3826 opinari,
899 3748 934 3807 ut
972 3763 1033 3826 ego
1065 3742 1247 3806 sacerdotes
1281 3766 1402 3826 eorum,

388 3851 468 3912 rpuos
488 3831 664 3914 prophetas
690 3836 817 3914 uocant,
841 3854 912 3896 eum
938 3833 971 3895 in
996 3831 1117 3915 templo
1138 3831 1292 3895 uidissem
1317 3833 1402 3897 cirea

391 3971 602 3981 —..----—.—--.

459 4062 474 4107 2
494 4057 598 4125 appdnt
616 4058 644 4110 P
722 4064 738 4109 4
758 4057 914 4125 appdeentia
934 4058 961 4110 P
1037 4064 1069 4110 10
1088 4058 1240 4110 brrurssrmo
1260 4058 1357 4130 dextrp
1378 4059 1405 4110 P

386 4125 554 4265 erpit'ddide
572 4128 702 4182 manuP
768 4134 799 4181 17
822 4127 1050 4195 consequutusP
1111 4130 1307 4201 23pg1ptoP
1368 4138 1402 4182 32
