3322 5190
594 814 619 868 X
638 820 725 870 1-12
1100 816 1168 881 445

149 977 228 1041 sunt
249 974 364 1061 crispi,
386 974 443 1062 qui
465 975 513 1040 ita
535 975 710 1061 temperati
733 980 819 1061 sunt,
841 980 879 1042 nt
902 977 1010 1063 capite
1033 978 1168 1045 sicciore

149 1062 229 1149 siut,
267 1064 361 1130 tarde
390 1067 577 1150 canescunt,
613 1064 677 1131 cito
713 1065 747 1131 in
784 1066 954 1131 caluitinm
986 1070 1168 1134 transeunt

149 1156 265 1221 contro
291 1154 344 1238 qui
373 1153 494 1239 capillo
523 1158 600 1220 sunt
627 1153 751 1220 rariore
773 1176 839 1221 non
864 1178 900 1220 eo
924 1156 1021 1222 facile
1043 1156 1167 1222 nntlen·

148 1244 204 1309 tur
227 1243 389 1308 nutriente
412 1242 563 1327 humore,
588 1243 674 1329 qnod
699 1240 830 1329 φλέγμα
853 1245 1026 1327 uocitatnr,
1049 1244 1106 1311 sed
1129 1246 1169 1311 fit

122 1331 215 1401 sillia
238 1332 304 1398 cita
326 1332 471 1399 canities.
512 1355 589 1399 nom
612 1332 685 1398 ideo
709 1333 776 1399 olhi
799 1338 876 1399 snut
894 1334 966 1399 esni
986 1334 1064 1419 qnia
1082 1334 1167 1400 colo·

150 1442 220 1487 rem
256 1421 401 1487 humoris
439 1444 502 1507 quo
539 1422 730 1488 nutriuntur
761 1421 953 1488 imitantur?
1009 1422 1054 1488 ‘si
1087 1426 1195 1508 ergol

151 1509 283 1576 senibus
326 1510 529 1576 abnndantia
568 1510 716 1576 humoris
759 1512 897 1598 capillos
938 1511 972 1575 iu
1013 1511 1166 1577 canitiem
1225 1532 1228 1537 ·

149 1597 286 1683 tinguit,
313 1620 370 1664 cur
398 1603 528 1665 senecta
556 1600 742 1683 opinionem
770 1605 903 1667 erectae
930 1599 1088 1666 siccitatis
1114 1622 1165 1666 ac·

151 1684 276 1771 cepitl'
318 1685 412 1772 ‘qnia
435 1686 581 1753 senecta'
606 1688 712 1774 inquit
731 1688 789 1755 ille
809 1688 970 1755 ‘extincto
993 1711 1052 1774 per
1075 1692 1197 1758 netu-8

112 1776 273 1841 roetctem
299 1776 441 1841 naturali
471 1778 579 1843 calore
607 1777 646 1842 iit
672 1776 805 1862 frigide,
838 1780 871 1843 ct
898 1800 936 1843 ex
963 1777 1021 1842 illo
1045 1777 1167 1864 frigore

152 1864 250 1951 gelidi
273 1868 307 1931 et
324 1866 477 1950 superflui
497 1870 674 1931 nascuntur
692 1865 855 1933 humores.
897 1869 1040 1933 ceterum
1060 1866 1168 1951 liquor

152 1953 262 2020 uitalis
286 1953 506 2039 longaeuitate
528 1956 668 2021 siccatus
687 1957 747 2038 est,
770 1954 845 2021 inde
864 1960 995 2022 senocto
1014 1955 1099 2021 sicca
1119 1959 1170 2020 est

153 2043 264 2128 inopia
299 2044 460 2109 naturalis
497 2044 658 2123 humoris,
695 2043 849 2110 humecta
886 2049 936 2111 est
968 2044 1169 2110 abundantio

154 2131 267 2197 uitiosi
290 2153 329 2195 ex
351 2130 474 2217 frigore
497 2134 669 2218 procreati.
711 2132 787 2198 hinc
807 2137 867 2217 est,
890 2133 975 2218 quod
995 2138 1028 2198 et
1046 2132 1199 2218 uigiliis9

112 2246 140 2289 rs
154 2223 244 2287 actes
274 2220 407 2307 gramor
434 2222 589 2305 afficitur,
617 2220 694 2307 quia
716 2243 863 2301 somnus,
890 2222 946 2308 qui
968 2222 1106 2287 meximo
1129 2244 1168 2287 ex

151 2309 288 2375 humore
307 2309 478 2395 contingit,
498 2310 536 2375 de
549 2311 693 2376 naturali
708 2311 862 2391 nascitur,
881 2313 965 2376 sicut
979 2313 1030 2377 est
1044 2310 1167 2375 multus

152 2398 188 2463 in
216 2397 367 2484 infantia,
397 2421 478 2483 qrroc
506 2399 641 2465 humido
669 2403 721 2465 cst
748 2400 947 2465 abnndantia
969 2422 1036 2466 non
1060 2421 1168 2484 super·

152 2488 208 2553 llui
241 2488 297 2553 scel
331 2489 490 2554 naturalis
524 2489 678 2555 humoris.
733 2489 844 2555 eedem
878 2490 962 2555 ratio
996 2492 1054 2569 cst,
1086 2511 1168 2575 quae
1181 2499 1222 2563 10

152 2577 325 2663 pueritiam
345 2599 513 2643 canescere
532 2600 597 2643 non
616 2579 750 2663 patitur,
768 2601 840 2645 cum
856 2581 901 2645 sit
913 2578 1168 2662 humectissimo,

111 2665 231 2751 „quin
252 2687 318 2731 non
343 2688 381 2730 ex
407 2666 528 2752 frigore
552 2671 630 2731 noto
653 2667 840 2752 phlegmate
863 2665 997 2732 humida
1020 2670 1082 2751 est,
1111 2667 1167 2732 sed

152 2754 211 2818 illo
247 2753 389 2819 naturali
425 2758 458 2819 et
494 2754 588 2819 uitali
621 2754 756 2820 humore
789 2756 940 2819 nutritur.
995 2755 1048 2818 ille
1081 2755 1168 2818 enim

152 2840 281 2925 homor,
304 2842 359 2926 qui
384 2846 441 2907 eut
464 2842 502 2906 de
526 2842 643 2908 aetatis
666 2842 788 2926 frigore
811 2843 964 2924 nascitur,
987 2845 1045 2908 aut
1063 2841 1168 2907 cuius·

152 2928 235 2993 libet
261 2930 452 2995 uitiositetis
480 2931 647 2995 occasione
675 2929 893 3013 contrahitur,
922 2934 960 2994 ut
987 2928 1168 3013 superfluus

153 3017 200 3083 its
218 3021 252 3082 et
269 3018 385 3083 noxius
406 3022 463 3083 est.
501 3019 586 3085 lrnnc
604 3018 752 3083 uidemus
771 3019 804 3083 iu
824 3018 953 3084 feminis
971 3018 1037 3082 nisi
1052 3017 1167 3083 crebro
1180 3026 1220 3093 11

112 3108 318 3193 negaretur,
360 3113 504 3174 extrema
541 3108 755 3174 minitantem.
814 3107 901 3175 hunc
937 3109 970 3174 in
1011 3107 1167 3173 eunuchis

153 3196 356 3263 debilitatem
398 3198 489 3265 tibiis
530 3199 746 3286 ingerentem,
787 3221 924 3285 quarum
963 3220 1039 3264 ossa
1076 3197 1169 3284 quasi

153 3309 280 3373 semper
308 3288 341 3353 in
370 3288 533 3375 superfluo
558 3289 693 3356 humore
716 3289 867 3354 nstantia
890 3287 1032 3354 uetnrali
1055 3287 1169 3374 nigore

154 3381 335 3460 caruerunt,
368 3380 401 3442 et
431 3377 504 3442 ideo
537 3378 632 3443 facile
664 3379 901 3465 intorquentur,
934 3377 1009 3442 dum
1042 3375 1170 3462 pondus

154 3466 351 3551 superpositi
383 3468 529 3551 corporis
563 3467 648 3532 ferre
676 3490 742 3533 non
771 3470 923 3553 possunt,
954 3466 1040 3533 sicut
1066 3487 1171 3532 canna

114 3592 142 3632 ω
155 3555 295 3643 pondere
314 3555 377 3621 sibi
400 3555 556 3642 imposito
581 3556 761 3623 curuntur.'

243 3644 289 3711 nc
310 3643 471 3712 Eusebius
496 3645 665 3732 ‘quoniam
690 3669 749 3713 nos
773 3669 793 3712 o
816 3648 981 3712 senectute
1004 3666 1105 3730 nsque
1129 3644 1224 3720 ad12

154 3734 319 3801 eunuchos
351 3736 451 3800 traxit
482 3735 637 3819 superflui
669 3735 814 3801 humoris
847 3735 1043 3818 disputatio,
1081 3734 1170 3800 dicas

155 3824 243 3905 nolo,
271 3845 328 3890 cnr
354 3824 402 3888 ita
431 3829 544 3890 ecutae
572 3823 662 3889 uocis
691 3826 770 3909 sint,
798 3826 836 3889 ut
864 3844 960 3909 saepe
988 3822 1104 3887 mulier
1127 3844 1170 3887 an

225 4059 242 4105 2
261 4052 391 4108 taalenut
408 4048 444 4106 1⁷
519 4058 534 4105 7
553 4058 579 4108 et
598 4057 631 4106 13
650 4058 675 4108 et
696 4058 727 4107 17
747 4050 940 4106 habundantia
958 4050 986 4104 P
1051 4055 1086 4105 20
1104 4048 1172 4121 fleg·

153 4123 278 4249 popptePP
333 4129 367 4177 26
387 4122 467 4177 trbnl
482 4124 513 4178 in
531 4139 587 4180 roe.
608 4127 739 4192 (extrema
756 4123 872 4190 [renunt
890 4122 935 4191 nl)
954 4123 985 4176 in
1004 4121 1032 4175 Ρ
1089 4127 1123 4177 27
1143 4140 1172 4176 ru
