3322 5190
330 797 373 862 82
723 797 798 854 SA'I'.
818 796 914 853 LIBRI
934 798 945 852 1

278 959 496 1029 nesciendum
534 965 585 1024 est
620 963 729 1025 tamen
767 960 907 1046 eligendi
943 959 984 1025 ad
1015 960 1226 1045 pugnandum
1259 958 1342 1025 diem

331 1048 488 1114 Romanis
507 1053 585 1112 tuno
603 1049 702 1113 fuisse
721 1049 895 1132 licentiam,
914 1049 942 1112 si
962 1049 1025 1132 ipsi
1040 1049 1197 1113 inferrent
1211 1048 1344 1112 bellum.

331 1142 367 1203 at
389 1159 461 1202 cum
486 1137 680 1222 exciperent,
703 1136 829 1201 nullum
851 1136 1017 1202 obstitisse
1035 1136 1130 1220 diem,
1153 1135 1345 1221 quominus

331 1226 383 1292 uel
400 1227 539 1291 salutem
559 1248 652 1290 suam
670 1225 723 1290 uel
741 1225 907 1310 publicam
921 1224 1129 1290 defenderent
1142 1225 1345 1310 dignitatem.

332 1315 405 1401 quis
432 1315 518 1380 enim
545 1314 766 1380 obseruatioui
796 1314 900 1398 loeus,
931 1336 1005 1379 cum
1033 1313 1173 1400 eligendi
1205 1314 1345 1380 facultas
1373 1343 1386 1382 e

279 1406 320 1470 21
333 1424 399 1468 non
427 1401 590 1486 supersit?
634 1402 703 1467 dies
731 1408 840 1467 autem
870 1402 1146 1487 postriduanos
1164 1401 1210 1468 ‚ad
1235 1403 1347 1467 omnia

333 1491 475 1556 maiores
501 1490 605 1554 nostri
627 1490 790 1555 canendos
813 1495 982 1574 putarunt,
1010 1511 1091 1575 quoa
1115 1489 1213 1553 etiam
1237 1493 1346 1554 atros

333 1579 423 1645 uelut
445 1577 590 1642 infausta
609 1577 827 1662 appellatione
847 1577 1048 1642 damnarunt
1086 1577 1213 1642 eosdem
1233 1579 1347 1641 tamen

333 1688 400 1733 non
421 1665 502 1730 nulli
526 1686 741 1730 communes
761 1666 851 1730 uelut
869 1665 910 1730 ad
929 1665 1184 1730 emendationem
1203 1665 1346 1731 nominis

332 1755 567 1819 noeitauernnt.
599 1753 714 1817 horum
734 1775 864 1819 causam
880 1751 1033 1818 Gnnnrvs
1050 1755 1240 1818 Annsnrvn
1261 1754 1346 1819 libro
1363 1782 1388 1819 ιο

336 1841 450 1926 quinto
474 1841 597 1905 decimo
619 1847 653 1906 et
671 1839 816 1906 Oassrvs
835 1839 977 1905 Hamus
997 1840 1241 1906 Hrsnonnnvu
1261 1841 1346 1906 libro

281 1929 476 1997 nauseando
500 1928 652 1993 referunt.
697 1951 796 1993 anno
825 1931 870 1995 ab
898 1930 990 1994 urbe
1020 1929 1177 1995 condita
1200 1934 1348 1994 trecen-

335 2018 473 2084 tesimo
505 2018 745 2103 sexagesimo
781 2019 899 2083 tertio
931 2041 952 2083 a
982 2018 1153 2084 tribunis
1180 2017 1348 2083 militum

335 2106 518 2194 Verginio
545 2106 704 2193 Manlio,
735 2107 903 2174 Aemilio
934 2106 1132 2175 Postumio
1165 2107 1347 2193 collegis·

337 2219 408 2285 que
440 2219 569 2263 eorum
600 2197 639 2263 in
672 2203 811 2264 senatu
844 2201 1071 2284 tractatum,
1108 2197 1197 2285 quid
1230 2203 1389 2285 esset,1s

336 2291 496 2373 propter
519 2287 617 2373 quod
640 2289 786 2354 totiens
810 2289 915 2354 intra
936 2310 1079 2374 paucos
1103 2310 1224 2355 annos
1249 2289 1348 2354 ruale

336 2381 440 2442 esset
480 2375 636 2442 afflicta
676 2399 737 2442 res
773 2377 945 2462 publica,
985 2382 1023 2441 et
1059 2400 1103 2443 ex
1138 2383 1348 2462 praecepto

337 2470 488 2550 patrum
516 2463 551 2529 L.
578 2464 788 2550 Aquinium
818 2465 1075 2552 haruspicem,
1107 2465 1145 2531 in
1173 2470 1349 2530 senatum

337 2553 471 2617 uenire
494 2552 641 2617 iussum
664 2553 899 2638 religionum
923 2554 1241 2638 requirendarum
1260 2575 1349 2636 gra·

285 2641 408 2724 aetia,
445 2639 591 2704 dixisse
628 2638 663 2714 Q.
696 2638 911 2722 Sulpicium
947 2640 1145 2705 tribunum
1179 2640 1390 2707 militumao

338 2728 383 2792 ad
414 2726 561 2792 Alliam
593 2726 779 2792 aduersus
812 2727 945 2793 Gallos
978 2734 1237 2814 pugnaturum
1270 2751 1349 2794 reru

338 2815 510 2881 diuinam
530 2815 737 2881 dimicandi
756 2819 883 2901 gratia
899 2817 1040 2883 fecisse
1054 2817 1244 2902 postridie
1258 2817 1349 2883 Idus

339 2903 549 2989 Quintiles,
570 2905 661 2970 item
681 2904 779 2989 apud
795 2902 1009 2972 Cremeram
1029 2908 1238 2992 multisque
1257 2907 1349 2972 aliis

337 2993 1348 3079 temporibusetloeispostsscrificiumdispostero

286 3081 576 3149 24celebratum
618 3083 717 3148 male
758 3085 922 3148 cessisse
963 3085 1199 3151 conflictum.
1259 3089 1390 3151 tunore

339 3175 471 3254 patrea
504 3170 685 3254 iussisse,
723 3176 763 3235 ut
794 3171 839 3235 ad
871 3172 1078 3258 collegium
1112 3172 1347 3257 pontificum

340 3259 383 3324 de
415 3258 475 3323 his
509 3258 769 3346 religionibus
798 3260 1024 3346 referretur,
1056 3260 1349 3346 pontificesque

340 3348 543 3432 statuisse,
584 3349 776 3434 postridie
813 3371 944 3414 omnes
981 3350 1177 3416 Kalendas
1214 3349 1348 3418 Nonas

339 3437 428 3502 Idus
461 3440 567 3502 atros
604 3439 684 3502 dies
717 3437 926 3524 habendos,
967 3445 1008 3504 nt
1039 3440 1078 3505 hi
1111 3441 1193 3505 dies
1226 3462 1349 3525 nequo

340 3526 557 3609 proeliares
581 3547 701 3612 neque
724 3528 809 3610 puri
828 3549 948 3612 neque
969 3530 1189 3595 comitiales
1209 3535 1389 3594 essenteo

287 3614 397 3679 25sed
434 3619 467 3679 et
503 3613 629 3680 nrmvs
662 3613 825 3680 Marinus
858 3614 1091 3684 Sauvrannvs
1129 3618 1278 3701 pontifex
1315 3618 1349 3682 in

342 3702 426 3768 libro
451 3702 638 3768 duodecimo
666 3708 782 3790 negat
810 3709 989 3787 oportere
1018 3710 1102 3771 atro
1131 3706 1190 3771 die
1214 3727 1349 3790 paren·

414 3876 577 3946 lelegendr
596 3873 630 3929 B‘
685 3878 849 3948 telegendr
865 3875 899 3933 Η
955 3881 1214 3950 tpoftrrdianan
1262 3887 1346 3950 tap-

340 3947 483 4017 pellatone
504 3947 541 4000 P'
601 3949 691 4002 orufde
711 3950 738 4002 P
801 3956 833 4003 10
853 3953 1029 4006 uocitauorut
1050 3950 1088 4006 P'
1153 3959 1182 4005 11
1203 3952 1293 4006 oafruf
1310 3951 1345 4006 B'

343 4023 375 4072 14
396 4016 524 4088 virginio
544 4018 648 4074 Manlio
667 4019 802 4076 Zeuniasz
821 4020 933 4090 urrgrlro
951 4022 1047 4078 mallio
1062 4025 1119 4078 BP
1172 4031 1204 4078 16
1223 4024 1308 4078 totref
1319 4025 1346 4077 B

344 4095 375 4144 18
394 4089 499 4143 lucrum
519 4090 578 4145 BP
624 4091 777 4162 aruspicem
797 4093 824 4147 P
868 4099 902 4147 20
920 4100 1049 4163 quintum
1068 4096 1130 4150 BP
1174 4100 1206 4150 21
1227 4095 1346 4150 aduertit

343 4160 371 4214 P
424 4166 458 4215 80
477 4161 577 4234 phales
595 4163 622 4217 P
668 4180 757 4232 neque
772 4169 836 4235 post
855 4182 917 4235 pun
935 4184 986 4223 oar.
1005 4162 1040 4220 B
