3442 5190
758 795 823 852 Vlll
842 799 930 851 4-18
1285 796 1350 862 399

338 959 422 1025 daur
451 960 489 1024 et
516 961 772 1045 temperatum
800 961 869 1024 est.
915 958 997 1024 bene
1021 959 1119 1044 alque
1142 959 1270 1044 proprie
1294 958 1350 1024 Ni-

336 1048 453 1201 gidius.
507 1070 583 1114 nem
619 1054 653 1114 et
688 1048 724 1113 in
760 1048 909 1132 frugibus
947 1050 981 1113 et
1016 1047 1051 1113 in
1085 1049 1191 1134 pomis
1223 1051 1352 1114 matura

358 1137 499 1220 icantur,
532 1159 613 1222 quae
647 1158 751 1221 neque
783 1137 883 1202 cruda
916 1141 949 1201 et
980 1136 1111 1203 inmitia
1143 1140 1220 1203 sunt
1246 1158 1351 1221 neque

337 1225 456 1290 caduca
483 1228 517 1288 et
543 1225 680 1290 nimium
707 1228 800 1292 coela
828 1225 884 1290 sed
913 1229 1059 1309 tempore
1088 1247 1146 1291 suo
1170 1229 1350 1311 temperate

310 1313 457 1380 sadulte.
493 1312 577 1379 hane
595 1314 898 1398 interpretationem
915 1312 1127 1398 Nigidianum
1146 1313 1260 1378 dinus
1274 1314 1380 1379 Au-tr

336 1404 473 1488 gustus
502 1401 627 1468 duobus
655 1402 764 1468 uerbis
789 1401 920 1467 Graecis
947 1402 1114 1485 eleganter
1137 1403 1348 1488 exprimebat.

335 1513 411 1556 narn
440 1494 473 1556 et
500 1490 604 1557 dicere
633 1492 666 1555 in
693 1492 897 1557 sermonibus
920 1493 954 1556 et
976 1489 1117 1556 scribere
1139 1489 1175 1555 iu
1199 1491 1350 1576 epistulis

336 1579 466 1644 solitum
490 1581 600 1645 ferunt
622 1581 744 1645 σπεῦδε
762 1577 921 1664 βραδέως,
945 1601 1002 1664 per
1021 1581 1106 1664 quod
1127 1580 1290 1664 monebat,
1315 1583 1351 1644 ut

336 1666 376 1732 arl
418 1689 486 1732 rem
527 1668 686 1753 agendam
724 1669 820 1732 simul
858 1667 1066 1732 adhiberetur
1104 1672 1137 1732 et
1174 1667 1350 1733 industriae

299 1783 324 1823 ro
338 1757 486 1822 celeritas
522 1760 556 1822 et
592 1757 731 1822 tarditas
764 1756 964 1841 diligentiae,
1003 1778 1041 1821 ex
1074 1756 1191 1841 quibus
1224 1755 1349 1823 duobus

336 1847 506 1912 contrariis
530 1847 569 1911 lit
591 1847 773 1912 maturitas.
815 1847 861 1911 sic
885 1867 962 1932 ergo
986 1848 1019 1911 et
1039 1845 1203 1932 Vergilius
1227 1844 1351 1912 inducit
1363 1845 1403 1911 10

336 1935 523 2020 Neptunum
558 1936 734 2001 discessum
762 1937 868 2000 uentis
897 1936 1125 2021 imperantem,
1158 1939 1195 2000 ut
1222 1938 1255 2001 et
1281 1936 1350 2001 tarn

336 2025 401 2090 cito
438 2025 619 2109 discedant,
656 2029 822 2110 tamquam
859 2024 999 2109 fugiant,
1036 2027 1071 2087 et
1107 2027 1216 2089 tamen
1252 2023 1351 2089 flandi

337 2113 592 2178 mediocritatem
616 2114 650 2177 iu
673 2135 823 2199 regressu
847 2116 990 2196 teneant,
1014 2115 1181 2196 tamquam
1202 2117 1350 2178 mature

298 2227 323 2267 ra
336 2201 369 2264 id
393 2203 442 2265 est
464 2202 643 2285 temperate
667 2202 831 2265 abeuntes.
877 2204 1009 2265 neretur
1033 2199 1133 2282 enirn,
1156 2222 1197 2263 ne
1220 2201 1254 2264 in
1277 2200 1349 2283 ipso

338 2287 480 2353 discessu
513 2289 609 2353 classi
642 2291 794 2372 noceant,
827 2286 902 2351 dum
930 2290 1024 2371 raptu
1054 2286 1154 2352 nimio
1183 2291 1350 2372 tamquam

338 2398 395 2461 per
426 2376 538 2460 fugam
567 2376 707 2442 redeunt.
757 2374 842 2440 idem
871 2374 1036 2461 Vergilius
1065 2375 1128 2440 duo
1157 2376 1220 2440 isto
1249 2377 1399 2440 uerball

338 2469 530 2530 maturare
563 2469 596 2530 et
628 2487 837 2551 properare
868 2468 1034 2550 tamquam
1062 2464 1157 2548 plane
1186 2464 1350 2530 contraria

339 2555 510 2620 scitissime
534 2556 698 2640 separauit
719 2554 752 2619 in
776 2554 828 2620 his
852 2555 1001 2620 uersibus

299 2707 326 2746 so
382 2679 519 2765 frigidus
543 2678 703 2765 agricolas
727 2677 886 2763 siquando
910 2679 1055 2743 eontinet
1077 2678 1195 2763 imber,

384 2769 497 2852 multa,
519 2767 627 2832 forent
649 2789 732 2852 quae
755 2789 830 2832 mox
854 2766 943 2831 caelo
966 2766 1171 2852 properanda
1193 2787 1316 2853 sereno,

384 2859 546 2922 maturare
570 2855 673 2923 datur.

339 2981 419 3046 bene
449 2985 482 3045 et
509 2981 677 3065 eleganter
703 2980 767 3044 duo
795 2980 896 3044 istaec
919 2979 1019 3044 uerba
1042 2978 1163 3044 diuisit.
1208 2977 1403 3064 namqu012

339 3069 371 3132 iu
406 3071 601 3154 praeparatu
633 3068 680 3134 rei
713 3067 852 3133 rusticae
885 3089 943 3152 per
973 3070 1182 3153 tempestates
1210 3066 1349 3151 pluuias,

300 3159 491 3243 raquoniam
525 3181 563 3222 ex
595 3158 788 3222 necessitate
819 3157 921 3221 otium
949 3160 1012 3237 est,
1044 3156 1200 3221 maturari
1228 3158 1349 3238 potest:

338 3268 395 3331 per
423 3268 552 3311 serenas
580 3268 672 3329 uero,
704 3245 857 3330 quoniam
885 3248 1013 3330 tempus
1040 3245 1156 3328 instat,
1183 3244 1350 3329 properari

338 3356 468 3400 necesse
506 3337 564 3398 est.
620 3356 697 3398 sane
735 3356 807 3399 cum
843 3331 1089 3418 significandum
1123 3336 1174 3397 est
1206 3331 1349 3397 coactius
1364 3335 1403 3396 13

339 3424 413 3508 quid
438 3424 471 3488 et
493 3421 701 3487 festinantius
725 3422 858 3506 factum,
881 3422 1001 3486 rectius
1025 3421 1087 3486 hoc
1107 3421 1352 3504 dicitur-prae·

339 3514 485 3577 mature
508 3512 631 3576 laetum
655 3532 754 3594 quem
777 3513 917 3575 mature:
951 3510 1045 3575 sicuti
1069 3509 1248 3574 Aaurmvs
1272 3508 1354 3574 dixit

301 3601 373 3666 eoin
397 3603 523 3682 togate,
547 3599 597 3664 cui
620 3599 776 3664 Tlnvnvs
800 3621 918 3663 nomen
943 3602 993 3663 est

337 3726 449 3734 αφ»..-
455 3725 550 3733 ...ι-..-

412 3789 442 3837 11
462 3780 530 3836 Aen.
550 3782 563 3836 1
583 3787 633 3836 187
689 3786 724 3834 20
743 3781 845 3850 Georg.
864 3780 876 3833 l
895 3785 947 3834 259

339 3892 551 3904 ...m-...n-

411 3957 425 4003 1
445 3950 571 4022 proprie]
589 3965 698 4025 pgeme
716 3950 744 4003 P
804 3955 819 4002 3
839 3949 960 4003 immitia
979 3949 1007 4003 P
1068 3964 1164 4018 cneq.
1184 3947 1310 4001 cadurca
1327 3948 1355 4001 P

340 4020 545 4077 terltolrlP
613 4026 644 4075 14
664 4021 800 4089 laquaP
867 4025 898 4074 lt
918 4038 946 4074 ru
966 4037 1016 4074 oru.
1036 4007 1077 4073 1¹⁴
1127 4024 1159 4072 17
1178 4018 1295 4073 redeant
1313 4014 1349 4072 P‘

340 4039 573 4220 {guirgpplrclgrdri
593 4097 624 4146 ut
642 4094 700 4146 uid.
720 4087 757 4145 P'
812 4091 921 4146 coetrul
938 4090 967 4144 P
1019 4096 1052 4145 28
1071 4090 1175 4146 rectius
1191 4122 1222 4130 -
1242 4096 1276 4143 29
1296 4089 1352 4143 lac-
