3322 5190
284 842 323 899 v1
690 843 897 901 PRAEFATIO

283 1004 387 1069 turios
411 1007 488 1068 ente
512 1003 624 1068 oculos
648 1003 802 1069 habuisse
825 1005 907 1070 scito
931 1004 1077 1089 quisquis
1101 1005 1162 1072 hac
1185 1012 1300 1074 nostra

284 1130 382 1195 opera
405 1131 525 1174 usurus
548 1113 607 1174 est

378 1213 514 1281 Codices
538 1235 620 1299 quos
644 1215 832 1281 enumcraui
855 1218 893 1281 nt
910 1215 1044 1281 Parisiis
1063 1219 1097 1281 et
1116 1216 1300 1305 Bamberga

283 1323 496 1388 transmissos
524 1321 613 1388 domi
640 1325 789 1387 excutere
816 1323 992 1409 potuerim,
1025 1345 1151 1389 summa
1179 1346 1300 1411 eorum,

284 1449 423 1513 quorum
447 1430 528 1494 haec
551 1429 636 1514 apud
660 1449 721 1494 nos
746 1450 823 1493 cura
847 1432 909 1513 est,
932 1429 1124 1495 liberalitato
1148 1431 1298 1497 effectum

285 1556 356 1600 esse
374 1539 472 1621 gralo
492 1537 602 1601 animo
621 1556 681 1600 nec
698 1534 824 1618 primus
843 1556 902 1600 nec
920 1536 1059 1620 primum
1078 1540 1188 1615 testor,
1207 1537 1298 1602 locos

281 1641 437 1708 cuanidos
468 1642 588 1709 codicis
617 1641 756 1707 Parisini
783 1642 890 1726 legere
914 1641 1083 1728 Philippus
1110 1642 1189 1708 leffe
1217 1645 1297 1708 ami-

284 1748 413 1813 cissime
438 1770 489 1813 mc
513 1748 632 1833 docuit,
656 1746 838 1813 Ludouicus
854 1747 975 1833 lenius,
998 1750 1087 1813 cuius
1103 1750 1228 1832 ingenti
1244 1754 1296 1814 tot

282 1875 442 1920 annorum
467 1855 654 1938 diligentiae
678 1855 732 1919 uix
757 1855 820 1919 dici
843 1859 953 1938 potest
975 1860 1130 1939 quantum
1154 1855 1296 1920 debeant

282 1959 337 2042 qui
365 1959 400 2022 in
430 1959 596 2024 Macrobio
625 1963 683 2024 aut
709 1960 908 2025 emendando
937 1963 993 2024 aut
1020 1960 1197 2025 enarrando
1226 1983 1295 2025 ucr-

281 2066 405 2149 santur,
419 2067 456 2128 ut
469 2063 609 2130 indicem
624 2069 791 2132 auctorum
806 2088 844 2130 ex
859 2088 918 2132 suo
935 2088 1136 2151 excerperem
1147 2066 1294 2132 officiosa

281 2190 355 2235 cum
379 2170 582 2238 humanitate
605 2173 761 2258 permisit.

372 2416 410 2483 In
439 2418 544 2483 altera
572 2418 713 2483 editione
742 2418 929 2484 adornanda
960 2422 994 2483 et
1025 2419 1070 2483 eis
1104 2441 1180 2484 usus
1212 2441 1294 2505 sum,

280 2545 363 2609 quae
386 2523 536 2591 homines
561 2524 678 2590 eruditi
697 2526 790 2590 docte
810 2526 1076 2610 excogitauerunt
1094 2529 1126 2591 et
1149 2526 1292 2592 codicem

281 2628 500 2696 Borbonicum
525 2631 759 2715 adhibuissem,
789 2633 852 2695 nisi
880 2630 1091 2716 Neapolitani
1119 2633 1179 2697 sub
1208 2634 1292 2699 vilro

279 2738 421 2822 spectari
445 2760 542 2823 quam
567 2739 646 2804 foris
670 2739 786 2826 inspici
809 2740 950 2805 mallent.

368 2844 403 2910 P.
432 2845 511 2928 307,
542 2848 594 2911 21.
618 2848 661 2912 22
690 2846 809 2913 excidit
840 2847 929 2932 prior
962 2853 1112 2913 accontus
1144 2849 1292 2914 vocabuli

277 2950 403 3036 ἠίθεος,
423 2976 453 3037 p.
473 2953 547 3036 321,
566 2954 608 3018 27
634 2976 692 3038 pro
715 2950 776 3038 μὲν
800 2975 968 3038 perperam
987 2954 1129 3038 positum
1148 2957 1199 3019 est
1216 2955 1292 3039 μὴν,

277 3059 456 3144 p.347,11.
469 3059 509 3123 16
520 3059 638 3123 excidit
652 3061 884 3125 uersiculorum
891 3059 1153 3144 Vergilianorum
1163 3062 1290 3125 notatio

277 3160 373 3250 (Aen
397 3162 443 3227 XI
467 3163 543 3229 532.
566 3163 661 3250 836),
690 3187 721 3249 p.
742 3167 822 3252 414,
853 3168 868 3230 1
900 3166 997 3231 alias
1026 3187 1194 3251 perperam
1223 3188 1292 3231 mu·

276 3272 384 3335 tatum
408 3270 514 3336 estin
539 3270 650 3337 alius.
