3322 5190
366 835 433 900 440
745 831 824 890 ΕΔΤ.
842 830 940 888 LIBRI
954 830 1006 886 Vll

368 998 508 1079 caelum,
539 1017 602 1079 quc
632 995 752 1080 sidera,
784 1016 847 1078 quo
876 998 982 1059 cetera
1010 998 1182 1058 mouentur
1210 994 1379 1058 elementa.

367 1085 506 1151 terrenis
530 1084 724 1150 animalibus
750 1083 798 1148 illi
822 1104 877 1148 sex
900 1085 1070 1168 praecipue
1094 1083 1272 1147 familiares
1296 1090 1380 1165 sunt,

368 1173 425 1240 sed
456 1195 522 1239 non
554 1195 730 1258 numquam
762 1171 934 1238 adhibetur
962 1177 995 1237 et
1023 1173 1190 1257 septimus.
1240 1171 1297 1237 sed
1325 1194 1379 1237 ser

368 1263 417 1330 illi
440 1267 477 1329 ul
499 1262 614 1329 directi
637 1263 684 1329 ita
708 1268 740 1328 et
757 1261 890 1347 innoxii,
913 1261 1070 1347 septimus
1089 1260 1121 1326 id
1141 1267 1191 1326 est
1209 1263 1265 1345 qui
1283 1283 1380 1346 gyros

369 1353 485 1437 efficit,
516 1353 629 1419 crebro
662 1374 819 1418 conuersa
845 1352 958 1416 turbat
986 1358 1019 1416 et
1045 1350 1235 1416 humoribus
1264 1351 1381 1436 capitis
1408 1377 1421 1416 a

369 1442 509 1508 inuoluit
541 1441 789 1526 spiramentum,
829 1441 914 1523 quod
948 1440 1091 1504 enimam
1124 1440 1255 1503 cerebro
1288 1440 1381 1523 quasi

339 1531 483 1596 bomnes
507 1530 651 1612 corporis
675 1549 789 1592 seusus
812 1528 1009 1611 gubernanti
1031 1528 1203 1591 ministrat
1244 1527 1307 1590 hoe
1331 1531 1382 1590 est

371 1620 481 1682 eutem
509 1616 752 1701 spiramentum,
775 1617 860 1699 quod
885 1616 1029 1680 ambiens
1053 1616 1220 1680 cerebrum
1244 1615 1381 1699 singulis

371 1704 520 1771 sensibus
548 1707 615 1769 uim
644 1727 735 1769 suam
761 1708 918 1788 praestat,
946 1704 1008 1768 hoe
1031 1709 1082 1768 est
1105 1703 1190 1788 quod
1214 1704 1325 1767 neruis
1349 1709 1383 1766 et

371 1794 524 1860 musculis
557 1795 701 1878 corporis
732 1792 956 1858 fortitudinem
984 1793 1126 1878 praebet.
1177 1814 1253 1877 ergo
1283 1792 1380 1857 uerti·
1397 1819 1424 1857 ru

372 1883 448 1969 gine
471 1883 637 1948 turbatum
656 1888 689 1946 et
712 1880 808 1946 simul
828 1881 961 1966 agitatis
981 1881 1171 1946 humoribus
1191 1903 1382 1965 oppressum

372 1970 554 2055 languescit
582 1976 615 2034 et
636 1969 851 2034 ministerium
875 1992 968 2033 suum
992 1969 1119 2034 deserit.
1164 1970 1238 2034 inde
1262 1970 1300 2033 fit
1322 1970 1384 2052 his,

372 2061 428 2144 qui
455 2064 626 2145 raptantur
654 2060 687 2122 in
712 2079 823 2143 gyros,
855 2058 1003 2122 hebetior
1032 2058 1175 2138 auditus,
1207 2058 1296 2124 uisus
1325 2058 1382 2122 cb-

341 2149 505 2213 6seuri0r.
550 2153 715 2230 postremo
744 2148 851 2210 neruis
880 2150 913 2209 et
939 2146 1094 2210 musculis
1122 2145 1245 2209 nullam
1270 2146 1311 2210 ab
1343 2168 1379 2210 ec

372 2235 528 2300 uirtutem
561 2235 653 2319 quasi
686 2234 853 2298 deficiente
884 2234 1089 2298 sumentibus
1117 2238 1223 2298 totum
1256 2255 1422 2316 corpus,rs

372 2322 458 2407 quod
482 2322 533 2386 his
552 2322 730 2386 sustinetur
749 2328 781 2385 et
799 2322 832 2386 in
851 2322 948 2385 robur
967 2323 1111 2404 erigitur,
1135 2321 1298 2384 desertum
1317 2322 1381 2385 iem

346 2409 571 2478 'liuleimentis
599 2409 665 2472 suis
693 2408 816 2472 labitur
845 2410 878 2472 in
902 2409 1040 2473 ruinam.
1085 2408 1142 2471 sed
1166 2412 1282 2472 eontra
1305 2408 1383 2472 haee

373 2497 483 2561 omnia
501 2496 708 2578 consuetudo,
727 2518 824 2579 quam
841 2496 1013 2560 secundam
1028 2500 1178 2560 naturam
1194 2497 1383 2579 pronuntia·

372 2585 423 2649 uit
444 2606 533 2667 usus,
555 2584 629 2648 illos
648 2584 748 2667 iuuat,
771 2585 825 2668 qui
845 2585 879 2647 in
899 2583 958 2647 tali
978 2590 1069 2648 motu
1089 2604 1185 2667 saepe
1203 2587 1384 2648 uersentur.

374 2671 610 2756 spiramentum
634 2672 719 2735 enim
742 2671 878 2755 cerebri,
906 2672 992 2756 quod
1017 2673 1113 2756 paulo
1138 2675 1212 2736 erite
1236 2671 1384 2752 diximus,
1399 2697 1424 2733 sc

374 2761 543 2826 adsuetum
573 2761 618 2825 rei
647 2762 712 2825 ianr
743 2761 892 2825 nonsibi
917 2784 1019 2825 ucuac
1044 2785 1107 2827 non
1134 2762 1278 2846 pierrescit
1302 2762 1385 2825 linire

374 2854 500 2916 motum
538 2874 596 2915 uec
631 2851 810 2915 ministeria
843 2875 902 2916 sna
935 2852 1062 2917 deserit.
1117 2853 1188 2917 ideo
1222 2853 1385 2916 consuetis

376 2941 475 3006 etiam
499 2940 560 3005 iste
586 2941 729 3023 agitatus
753 2942 901 3005 innoxius
926 2941 995 3006 est?

344 3031 363 3097 8
463 3029 507 3092 Et
534 3029 721 3111 Euangelus
749 3028 933 3093 ‘inretitum
963 3035 994 3092 te
1023 3031 1100 3108 iam,
1130 3030 1251 3113 Disari,
1280 3036 1385 3110 tenes,

375 3116 1199 3202 maumommffimwwhwmffifflm
1247 3119 1425 3181 mmmm

376 3205 1384 3289 mminmmffifflsmmetspwnmafflmsmm

375 3294 1386 3378 dmmmoefflmmnmmaewmstmmmmm

375 3383 500 3465 dentes,
528 3387 564 3446 ut
591 3383 738 3466 capillos,
767 3385 812 3446 ita
842 3389 874 3446 et
902 3384 1068 3446 cerebrum
1093 3406 1162 3447 esse
1186 3385 1255 3447 siue
1280 3405 1385 3446 sensu.

375 3472 1384 3555 nmmmcmbhmcwsffioemsfflmaunutfflmm

344 3560 539 3625 9r·efelles?'
590 3560 734 3624 ‘uerum'
768 3563 814 3625 ait
846 3561 911 3623 ille.
962 3561 1050 3624 ‘ecce
1085 3563 1149 3624 ianr
1183 3562 1309 3624 clausus
1343 3583 1427 3624 eane

375 3655 411 3712 ut
443 3650 527 3712 eninr
560 3648 732 3713 concedam
763 3650 836 3731 tibi,
869 3653 998 3732 praeter
1029 3650 1164 3732 capillos
1193 3651 1225 3713 iu
1255 3649 1386 3712 homine

328 3780 330 3784 ψ
377 3737 496 3821 aliquid
521 3760 590 3801 esse
612 3739 680 3801 sine
704 3760 809 3820 sensu,
834 3738 919 3821 quod
943 3760 1009 3801 non
1033 3738 1127 3800 facile
1152 3760 1306 3821 persuasu
1326 3745 1386 3818 est,

376 3825 1385 3911 immmuwmsmmmmmmmOEmmawmm

448 4050 559 4116 lgrros
575 4051 602 4103 P
672 4050 842 4103 lll'cnsulP
919 4059 948 4103 11
970 4052 1087 4120 agitatis
1102 4051 1327 4106 humoribulcur.
1350 4050 1385 4105 1*

378 4125 411 4172 13
430 4121 505 4189 girol
521 4121 549 4174 P
605 4126 637 4173 lt
658 4120 693 4174 ab
713 4122 758 4192 eo]
779 4123 865 4175 babet
883 4124 911 4175 P
975 4129 1005 4177 18
1027 4122 1174 4176 secundum
1193 4123 1281 4179 (setim
1300 4127 1386 4190 scrip-

377 4193 446 4261 tum)
462 4192 489 4245 P
533 4196 566 4245 24
582 4193 610 4246 et
625 4191 784 4263 Euangelus
795 4194 858 4248 (tilii.
874 4196 930 4250 coil.
947 4195 1103 4264 Beruenses,
1119 4212 1167 4250 ciri.
1184 4196 1211 4248 P
1254 4203 1288 4250 30
1303 4194 1340 4250 cli
1353 4191 1386 4248 1¹¹
