3322 5190
647 860 697 915 XX
717 866 820 916 11-18
843 860 908 916 xx!
929 867 942 916 1
1234 860 1298 926 341

282 1022 433 1107 γάργαρα
463 1021 503 1087 ad
530 1022 800 1108 significationem
828 1023 1073 1089 numerositatis
1101 1023 1300 1090 innumerae.

283 1115 334 1176 ast
361 1131 439 1197 ergo
462 1111 638 1177 seeundum
662 1112 744 1177 haec
767 1133 881 1178 sensus
904 1112 1020 1177 horum
1043 1134 1197 1178 uersuum
1220 1113 1298 1179 talis
1312 1113 1353 1181 14

283 1220 365 1264 cum
397 1221 440 1264 ea
471 1201 524 1265 sit
556 1201 645 1265 anni
678 1202 898 1284 temperies,
933 1203 975 1265 ut
1006 1200 1128 1266 hiems
1161 1223 1301 1266 serena

285 1287 352 1370 sit,
383 1288 562 1354 solstitium
594 1310 673 1354 uero
703 1289 890 1372 imbricum,
923 1289 1048 1355 fruetus
1075 1290 1198 1374 optime
1224 1311 1299 1375 pro·

257 1376 426 1441 eueniunt.
472 1376 552 1443 haee
580 1381 688 1443 autem
718 1378 799 1443 adeo
824 1378 914 1463 agria
937 1378 1121 1443 necessaria
1145 1381 1236 1463 sunt,
1262 1381 1301 1443 ut

285 1464 355 1530 sine
391 1464 442 1528 his
478 1488 538 1532 nac
575 1466 622 1531 illi
659 1470 778 1531 nutura
810 1466 1034 1532 fecundissimi
1067 1466 1192 1552 Mysiae
1226 1467 1299 1555 agri

282 1555 468 1638 responsuri
498 1556 564 1621 sint
591 1556 737 1640 opinioni
766 1556 961 1640 fertilitatis,
989 1579 1070 1642 quae
1099 1557 1138 1622 de
1165 1556 1218 1622 his
1242 1557 1298 1621 ha·

283 1644 387 1709 betur.
424 1642 514 1708 addit
528 1644 653 1728 Mysiae
672 1645 869 1711 nominatim
885 1645 1041 1729 Gargara,
1060 1645 1145 1731 quod
1165 1667 1204 1710 ea
1219 1647 1297 1711 urbs
1310 1646 1352 1713 15

285 1732 392 1816 posita
412 1733 445 1796 in
465 1733 539 1797 imis
559 1733 721 1798 radicibus
741 1732 816 1799 ldae
837 1735 967 1816 montis,
990 1733 1204 1799 defluentibus
1223 1733 1297 1799 inde

246 1848 272 1887 ιο
286 1820 476 1885 humoribus
523 1822 698 1906 inrigetur,
744 1823 912 1906 possitque
958 1821 1062 1887 uideri
1108 1823 1299 1889 solstitiales

285 1908 405 1973 imbres
436 1930 503 1973 non
536 1931 734 1995 magnopere
765 1910 956 1976 desiderare.
1007 1910 1070 1975 hoo
1096 1911 1131 1976 in
1158 1911 1231 1978 loco
1258 1912 1352 1979 adlll

257 2074 260 2080 Ι
286 1997 381 2062 fidam
405 1998 514 2062 sensui
537 1997 734 2081 faciendam,
756 1999 841 2084 quod
864 1999 1030 2083 uliginosa
1051 1999 1120 2064 sint
1141 2021 1207 2065 non
1229 2001 1301 2064 sola

285 2083 430 2170 Gargara
457 2108 517 2169 pro
544 2087 667 2151 uicinia
696 2087 817 2151 montis
845 2086 900 2151 aad
924 2091 957 2150 et
979 2088 1151 2153 uniuersae
1173 2087 1300 2172 Mysiae

287 2194 379 2255 arua,
401 2173 546 2238 adhiberi
571 2178 682 2258 potest
705 2175 799 2239 tastis
823 2173 1003 2257 Aeschylus

245 2321 270 2361 rs
498 2298 537 2362 co
561 2297 664 2362 Κάικε
687 2297 822 2363 Μύσιαί
842 2295 870 2362 τ’
892 2296 1053 2382 ἐπιρροαί.

284 2418 361 2505 quid
391 2418 430 2484 de
453 2418 586 2486 Graecis
609 2421 644 2485 in
667 2421 729 2487 hoc
752 2420 823 2487 loeo
849 2421 987 2488 traxerit
1009 2422 1157 2489 diximus.
1204 2423 1297 2489 adde-
1311 2428 1351 2492 ll

285 2530 356 2573 mus
387 2512 555 2594 praeterea
583 2509 644 2575 hoc
671 2510 881 2576 iucunditatis
910 2511 1032 2597 gratia,
1059 2515 1093 2576 et
1115 2516 1153 2576 ut
1175 2511 1299 2597 liqueat

286 2595 468 2684 Vergilium
500 2601 643 2663 uestrum
675 2597 815 2683 undique
843 2601 988 2665 ueterum
1017 2600 1080 2665 sibi
1108 2605 1299 2667 ornamenta

286 2689 437 2771 traxisse,
460 2686 544 2751 unde
567 2686 630 2753 hoe
653 2687 773 2752 dixerit

245 2839 271 2877 ao
374 2812 510 2878 hiberno
534 2811 715 2877 laetissima
736 2812 871 2896 puluere
894 2813 992 2878 sarra.

285 2936 318 2999 in
350 2935 451 3000 libro
484 2936 571 3000 enim
599 2935 957 3001 uetustissimorum
986 2938 1210 3018 carminum,
1242 2939 1351 3025 quil8

285 3026 359 3088 ante
387 3024 510 3106 omnia,
539 3046 621 3109 quaa
650 3046 669 3088 a
692 3022 817 3090 Latinis
846 3025 969 3110 scripta
992 3030 1081 3110 suut,
1111 3029 1298 3112 conpositus

285 3112 464 3196 ferebatur,
486 3112 653 3178 inuenitur
675 3112 737 3178 hoo
760 3113 917 3180 rusticum
941 3116 1035 3180 uetus
1059 3117 1220 3182 canticum

328 3235 465 3302 hiberno
492 3236 625 3319 puluere
654 3259 755 3302 uerno
779 3238 849 3303 luto
873 3239 1011 3325 grandia
1034 3240 1136 3325 farra,
1164 3238 1299 3325 camille,

245 3352 270 3391 aa
1032 3333 1143 3393 metes.

373 3448 513 3514 Nomina
536 3449 725 3534 poculorum
746 3449 909 3536 Vergilius
934 3452 1123 3537 plerumque
1147 3452 1353 3523 GraecaXXl

287 3538 389 3622 ponit,
416 3543 453 3602 ut
481 3538 683 3604 carchesia
711 3543 748 3604 ut
775 3540 928 3623 cymbia
956 3545 993 3605 ut
1021 3542 1234 3609 cantharus
1260 3546 1299 3608 ut

286 3628 459 3712 scyphos.
505 3626 544 3691 de
570 3627 744 3693 carchesiis
768 3628 816 3691 ita

284 3750 496 3760 ...a-..D—

357 3821 389 3870 15
413 3815 512 3872 Aesch.
535 3815 634 3886 fragm.
661 3821 711 3871 ¹85
735 3815 778 3871 ed.
801 3817 945 3874 Hermann

292 3927 357 3935 ——--
364 3928 495 3935 -uu-——a-

357 3997 511 4061 lgargara
531 3992 558 4046 P
646 3992 793 4063 thaempl
810 3993 838 4047 P
917 3994 1018 4049 lenanu
1038 3992 1076 4048 P'
1155 3994 1244 4050 auor
1258 3990 1295 4050 P'

286 4066 318 4116 15
338 4062 440 4117 ΙΟΚΙΚΕ
460 4063 688 4134 ΜΚΙΙΕΠΙΡΡΟΑΙ
707 4063 736 4117 Ρ
798 4070 831 4118 17
851 4064 1033 4120 iocundrtutrl
1049 4066 1076 4119 P
1138 4070 1174 4120 24
1192 4081 1296 4121 uerene

285 4155 315 4204 ut
333 4151 390 4204 uid.
408 4147 446 4204 P'
505 4157 539 4205 27
563 4133 713 4219 dhargbesre
731 4153 759 4207 P
815 4156 847 4208 ut
866 4169 915 4208 om.
936 4148 971 4207 P'
1028 4155 1132 4209 cimbra
1153 4155 1180 4208 P
1232 4169 1296 4209 ean·

284 4219 357 4274 turoi
378 4219 406 4274 P
456 4226 491 4275 28
509 4221 634 4276 leriolP
