3322 5190
607 893 985 1003 mmmm*
1222 944 1289 1012 ω

273 1107 1319 1284 tltltttitttjttttttl'ztffitt‘dtt

276 1305 389 1349 zonam
421 1286 603 1369 perustam,
634 1288 668 1351 et
698 1290 767 1352 mm
803 1285 887 1370 ipse,
923 1284 978 1370 qui
1014 1284 1286 1368 aequinoctialem

275 1393 370 1455 quam
410 1372 501 1438 sinus
541 1394 580 1439 ex
617 1394 655 1440 eo
683 1374 766 1456 nati,
797 1373 853 1460 qui
893 1371 1094 1438 horizontem
1131 1371 1285 1438 circulum

246 1459 398 1525 cambitu
417 1482 495 1526 suae
512 1460 661 1528 flexionis
675 1462 856 1546 imitantur,
874 1483 1003 1529 omnem
1021 1463 1143 1526 terram
1156 1459 1286 1545 quadri-

273 1548 371 1613 fidam
394 1547 543 1615 diuidnnt
564 1552 598 1616 et
620 1551 781 1638 singulas,
802 1553 840 1616 ut
862 1571 961 1635 supra
983 1547 1137 1632 diximus,
1159 1547 1285 1613 habita·
1384 1554 1387 1560 ’

272 1636 375 1701 donas
407 1636 529 1703 insulas
557 1638 692 1705 iaciunt
748 1661 824 1704 nam
856 1639 943 1703 inter
971 1657 1032 1702 nos
1061 1639 1096 1701 at
1122 1634 1317 1702 caetratae

272 1724 419 1790 homines
442 1747 554 1792 means
581 1727 635 1792 illa
658 1749 717 1814 per
740 1727 878 1794 calidam
900 1729 1070 1811 totamque
1094 1723 1227 1809 cingens
1252 1726 1285 1788 et

272 1835 381 1879 rursus
398 1814 565 1900 utriusque
584 1817 728 1903 regionis
747 1818 892 1883 extrema
910 1814 1035 1880 sinibus
1051 1812 1118 1878 suia
1137 1811 1285 1878 ambiens

233 1926 260 1966 10
274 1901 368 1967 binas
404 1902 439 1967 iu
471 1904 637 1989 superiora
669 1909 767 1989 atque
794 1904 946 1970 inferiora
977 1906 1083 1967 terram
1115 1900 1285 1986 superficie

271 1990 395 2055 insulas
423 1989 508 2055 facit
554 1992 638 2057 unde
660 1992 789 2057 Tullius
812 1990 875 2056 hoc
904 1990 1051 2074 intellegi
1079 1989 1194 2052 uolans
1217 1989 1315 2052 nond

271 2076 353 2141 dixit
384 2079 506 2143 omnis
533 2081 638 2144 terra
675 2100 797 2162 parua
829 2076 1014 2162 quaedam
1046 2078 1107 2140 est
1139 2075 1285 2159 insula,

272 2164 328 2227 sed
355 2164 478 2229 omnis
505 2169 624 2249 terra,
653 2188 749 2250 quae
777 2165 922 2231 colitur
953 2184 974 2227 a
1005 2161 1133 2243 uobis,
1164 2182 1285 2245 parua

271 2250 456 2333 quaedam
483 2257 543 2317 est
572 2253 714 2337 insula,
741 2253 817 2337 quia
839 2254 874 2317 et
896 2250 945 2315 sin
972 2250 1043 2314 ulae
1066 2248 1106 2314 de
1129 2250 1285 2332 quattuor

233 2336 532 2404 cohabitationibus
574 2362 694 2425 paruae
735 2339 892 2424 quaedam
933 2269 1117 2402 adficiuntur
1158 2334 1283 2400 insulae

271 2425 400 2491 Oceano
433 2427 482 2492 bis
511 2449 579 2508 eas,
607 2431 643 2493 nt
665 2427 818 2512 diximus,
846 2425 1019 2494 ambiente.
1065 2424 1176 2490 omnia
1202 2423 1313 2490 haeu'l

272 2518 348 2580 ante
367 2515 477 2581 oculos
497 2515 606 2583 locare
624 2520 733 2602 potest
751 2515 928 2601 descriptio
949 2512 1137 2598 substituta,
1160 2534 1199 2578 ax
1219 2533 1284 2597 qua

272 2606 305 2669 et
324 2604 429 2670 nostri
448 2605 547 2671 maris
567 2605 737 2692 originem,
756 2627 838 2693 quae
857 2604 961 2671 totins
979 2624 1045 2668 una
1063 2603 1122 2686 est,
1141 2604 1175 2667 et
1193 2601 1283 2667 rubri

273 2696 370 2779 atqua
402 2692 505 2760 Indici
533 2698 639 2761 ortum
666 2694 806 2783 uidebis,
835 2693 1053 2780 caspiumque
1081 2712 1171 2757 mara
1197 2688 1283 2756 unde

231 2783 409 2867 cooriatur,
431 2783 590 2868 inuenies,
614 2784 690 2849 licet
712 2805 778 2851 non
799 2784 961 2870 ignorem,
985 2802 1054 2847 esee
1076 2800 1144 2845 non
1166 2779 1283 2862 nullos,

274 2873 330 2955 qui
354 2871 384 2936 ei
407 2869 446 2936 de
464 2870 593 2938 Oceano
613 2873 795 2958 ingressum
817 2875 948 2957 negent.
984 2890 1044 2935 nee
1071 2868 1204 2933 dubium
1224 2871 1283 2951 est,

273 2961 307 3023 in
334 2959 424 3024 illam
452 2981 578 3044 quoque
606 2961 758 3027 australis
785 2959 914 3045 generis
946 2958 1161 3043 temperatam
1192 2976 1283 3020 mara

274 3047 312 3112 da
336 3047 463 3114 Oceano
487 3049 635 3116 similiter
657 3049 803 3132 influere,
832 3048 888 3113 sed
915 3045 1054 3113 describi
1080 3043 1144 3111 hou
1169 3046 1284 3111 nostra

274 3138 484 3202 attestatione
509 3155 576 3204 non
598 3139 722 3218 debuit,
750 3138 840 3206 cuins
864 3136 945 3202 situs
972 3134 1069 3201 nobis
1096 3132 1283 3219 incognitus

233 3245 260 3288 ιι
274 3229 467 3310 perseuerat
524 3227 608 3312 quod
642 3231 749 3294 autem
781 3229 928 3293 nostram
960 3222 1172 3326 habitabilem
1204 3220 1315 3324 dirius

273 3313 1286 3487 {titttetttttltattttltd⁸tttat

274 3492 402 3576 longior
420 3495 472 3556 est
485 3493 629 3576 tropicus
648 3492 788 3558 circulus
807 3487 1054 3574 septentrionali
1074 3486 1171 3569 circo,
1189 3487 1284 3552 tanto

273 3600 356 3644 zona
386 3579 563 3644 uerticibus
595 3601 692 3664 quam
724 3578 881 3645 lateribus
914 3575 1086 3663 angustior
1117 3577 1183 3656 eat,
1210 3574 1287 3659 qnia

233 3687 261 3728 ιι
274 3667 443 3732 summitas
481 3668 549 3732 eius
591 3668 626 3732 in
656 3670 763 3732 artum
795 3665 932 3731 extremi
968 3661 1092 3749 cinguli
1124 3661 1287 3727 breuitate

274 3755 492 3838 contrahitur,
520 3754 668 3821 deductio
693 3759 803 3819 autam
825 3755 964 3817 laterum
988 3771 1061 3816 cnm
1085 3749 1287 3835 longitndine

274 3842 393 3925 tropici
416 3841 457 3905 ab
480 3845 618 3926 utraque
637 3846 731 3926 parte
754 3840 957 3907 distenditur.
1003 3837 1141 3922 denique
1159 3841 1287 3903 ueteres

345 4017 506 4070 tormonte
524 4015 577 4069 PB
682 4020 698 4069 5
737 4012 876 4069 uadnirda
893 4012 922 4067 Β
1026 4007 1246 4067 thabatatromi
1259 4009 1288 4064 Β

274 4084 416 4140 tnnrbul'
430 4086 460 4140 Β
533 4091 563 4140 11
584 4084 658 4139 unde
677 4086 706 4139 at
822 4081 941 4151 mtelegi
962 4082 997 4150 P,
1014 4080 1138 4150 intelhgr
1155 4080 1184 4135 Β
1237 4086 1311 4135 ιιο-“·

275 4155 374 4210 lurtB
448 4161 481 4210 18
500 4154 546 4210 lod
570 4155 710 4210 ommi-
731 4153 825 4209 uolt
845 4151 1051 4208 miniaceaB
1122 4148 1288 4205 ιΙιΙιάιι·

274 4227 352 4280 buum
370 4227 399 4282 Β
452 4231 487 4281 at
506 4225 605 4282 dunt*
622 4227 650 4281 P
701 4230 737 4280 28
755 4223 881 4294 torprouf
897 4220 935 4277 P'
992 4222 1082 4278 eureus
1098 4221 1127 4276 Β
1180 4220 1290 4292 iepten·

274 4297 405 4353 tnonabl
421 4295 457 4351 P'
514 4303 549 4352 at
564 4295 699 4353 lateribus
716 4295 745 4350 P
796 4297 830 4348 81
849 4311 903 4351 oon
923 4293 961 4348 P'
