3322 5190
661 797 675 854 1
696 803 764 853 1-s
792 797 818 852 11
838 803 852 853 ι
1201 799 1265 868 163

253 958 337 1043 quod
357 956 500 1025 Aeneam
518 961 713 1045 contigisset
730 964 845 1026 contra
864 982 958 1025 suum
978 961 1064 1026 uelle
1082 962 1115 1027 iu
1134 961 1267 1028 Italiam

251 1048 433 1132 peruenire,
469 1071 567 1134 quarn
604 1048 691 1135 quod
724 1052 863 1133 optato
901 1050 1061 1132 potiretur
1093 1049 1269 1117 Tibridis

253 1136 376 1219 alueo,
407 1138 484 1222 quia
511 1138 610 1203 sciret
633 1159 706 1202 eum
730 1137 793 1202 hoc
816 1158 911 1202 amna
938 1138 1144 1222 purificatum
1173 1160 1270 1291 posse

257 1246 350 1289 sacra
385 1227 483 1291 etiam
517 1226 580 1290 sibi
611 1227 674 1291 rite
706 1226 873 1311 perficere,
909 1247 986 1290 nam
1019 1248 1059 1291 ue
1091 1249 1175 1311 supp
1190 1226 1271 1293 icari

224 1330 238 1368 ⁵
256 1313 383 1397 quidem
398 1313 461 1378 sibi
477 1315 517 1379 ab
533 1337 571 1380 oo
590 1314 700 1379 uellet
733 1336 819 1379 nunc
837 1314 990 1399 quoniam
1009 1315 1301 1400 purificationemf)

254 1402 293 1465 ad
314 1424 406 1467 sacra
424 1426 614 1489 superorum
633 1404 851 1489 pertinentem
870 1403 1002 1468 deorum
1026 1405 1060 1468 in
1076 1403 1270 1490 Vergiliana

253 1491 481 1557 obseruatione
504 1493 773 1577 monstrauimus,
803 1492 970 1557 uideamus
994 1495 1103 1558 utrum
1126 1495 1161 1559 et
1183 1493 1270 1560 circa

253 1581 431 1646 inferorum
464 1582 595 1647 deorum
626 1583 749 1648 cultum
782 1580 1017 1666 proprietatem
1049 1582 1149 1647 moris
1181 1581 1268 1648 idem

253 1673 352 1753 poeta
374 1672 561 1736 seruauerit.
612 1674 742 1737 constat
764 1671 815 1736 dis
839 1670 964 1755 superis
988 1693 1082 1737 sacra
1103 1670 1300 1745 facturnm6

210 1777 238 1816 ¹⁰
253 1760 400 1845 corporis
419 1761 584 1827 ablutione
607 1760 751 1848 purgari,
774 1782 847 1827 cum
870 1782 948 1825 uero
971 1758 1084 1826 inseris
1108 1759 1268 1826 litandum

249 1854 309 1934 eat,
333 1851 414 1915 satis
434 1854 542 1916 actum
562 1850 690 1916 uidetur
709 1852 737 1916 si
758 1851 903 1936 aspersio
923 1851 993 1915 sola
1012 1851 1191 1938 contingat.
1229 1850 1268 1916 de

255 1940 358 2004 sacris
382 1941 483 2024 igitur
505 1962 696 2026 superorum
720 1942 767 2006 ait
790 1940 918 2005 Aeneas

409 2064 512 2130 donec
536 2087 587 2130 ms
610 2065 741 2130 flumine
765 2065 841 2129 uiuo

296 2152 438 2217 abluero.

205 2291 234 2332 1⁵
249 2280 285 2340 at
309 2274 393 2340 Dido
417 2298 490 2342 cum
513 2298 606 2342 sacra
628 2275 679 2341 dis
702 2275 814 2339 inieris
839 2275 988 2354 instituit,
1012 2275 1059 2340 ait
1275 2284 1293 2348 7

295 2400 432 2479 Annam,
455 2423 529 2467 cara
551 2399 631 2465 mihi
654 2400 774 2481 nutrix,
797 2398 859 2465 huc
883 2398 960 2465 siste
985 2422 1143 2466 sororem:

296 2489 347 2554 ‹lic
370 2512 487 2575 corpus
511 2493 662 2574 properet
684 2488 808 2554 fluuiali
832 2509 985 2575 spargere
1008 2489 1152 2575 lympha.

252 2618 285 2678 et
309 2615 387 2679 alibi

296 2742 461 2823 sparserat
483 2741 516 2802 et
538 2739 651 2804 latices
675 2738 844 2802 simulatos
867 2736 967 2802 fontis
991 2738 1123 2804 Auerni.

203 2883 232 2921 ao
247 2885 306 2926 nec
328 2885 393 2928 non
416 2885 490 2927 cum
513 2861 673 2925 Misenum
696 2861 879 2945 sepulturae
903 2860 1050 2925 mandari
1074 2862 1174 2927 rasert
1272 2868 1292 2932 8

293 2986 377 3050 idem
400 2991 450 3050 ter
471 2985 577 3050 socios
599 3006 682 3068 pura
705 2982 907 3050 circumtulit
930 2984 1025 3067 unda,

292 3095 449 3160 spargens
473 3094 546 3138 rore
569 3073 641 3137 leui.

247 3198 293 3263 sio
317 3201 445 3264 etcum
470 3199 547 3263 iacit
570 3197 704 3262 Aenean
727 3196 812 3281 apud
836 3196 957 3263 inferos
981 3219 1109 3263 ramum
1129 3197 1260 3265 Proser·

248 3287 344 3371 pinca
367 3291 639 3369 consecraturum,
660 3285 708 3350 ita
731 3286 830 3350 infert

206 3430 234 3468 aa
292 3414 429 3494 occupat
451 3409 578 3475 Aeneas
602 3409 736 3490 aditum,
758 3430 939 3493 corpusque
963 3409 1086 3474 recenti

293 3501 422 3585 spargit
444 3521 537 3584 aqua.

336 3624 519 3691 Verborum
533 3627 641 3691 autem
656 3624 839 3709 proprietas
854 3627 922 3689 tam
936 3626 1052 3708 poetas
1075 3622 1151 3689 huic
1168 3622 1305 3691 fami-11

317 3834 436 3906 Παῖς.
456 3835 523 3890 Aen.
543 3833 596 3887 Vll
614 3839 666 3890 803
746 3839 778 3889 1³
797 3832 835 3888 ib.
855 3830 881 3885 ll
901 3838 952 3888 719
1030 3839 1063 3889 la
1083 3830 1120 3889 ib.
1139 3833 1191 3887 1111
1207 3839 1261 3889 634

248 3911 280 3961 21
301 3905 338 3962 ib.
358 3905 395 3961 VI
415 3911 467 3961 229
527 3909 562 3961 25
581 3905 618 3960 rb.
637 3904 677 3960 VI
696 3909 748 3961 635

319 4108 405 4157 tuac
425 4101 454 4156 P
546 4103 647 4156 acin
666 4101 864 4156 sacraturus.
884 4100 916 4154 in
935 4100 962 4154 P
1054 4106 1086 4154 10
1104 4098 1210 4156 micros
1223 4099 1259 4155 B'

251 4180 281 4226 11
302 4168 455 4227 iactumB'
504 4177 536 4227 12
555 4169 752 4244 superoruiB'
802 4176 833 4226 1⁷
852 4169 962 4241 limpha
982 4169 1011 4224 P
1051 4176 1083 4225 19
1103 4171 1264 4226 farfaratP

994 4257 1046 4314 11*
