3322 5190
333 794 400 860 202
721 794 795 852 ΒΔΤ.
815 795 911 849 thtltl
931 796 967 849 lll

322 956 497 1040 obiurgat,
534 956 619 1041 quod
652 957 770 1021 Roscio
803 959 932 1040 gestum
965 959 1082 1041 agente
1117 955 1345 1036 tumultuarit?

330 1046 363 1106 et
381 1047 468 1106 certe
487 1045 568 1108 setis
587 1048 718 1107 constat
735 1042 926 1108 contendere
946 1065 1018 1108 eum
1043 1065 1115 1107 cum
1139 1043 1211 1126 ipso
1234 1042 1344 1106 histri·

330 1151 392 1195 one
422 1131 570 1215 solitum,
603 1136 713 1196 utrum
744 1131 798 1195 ille
829 1132 959 1215 saepius
990 1130 1123 1195 eandem
1152 1129 1345 1195 sententiam

329 1217 430 1281 uariis
445 1219 594 1300 gestibus
609 1220 753 1282 efficeret
771 1241 813 1283 an
832 1218 903 1301 ipse
922 1240 979 1302 per
1000 1218 1201 1300 eloquentiae
1220 1218 1345 1300 copiam

332 1326 482 1370 sermone
501 1305 629 1371 diuerso
648 1307 883 1391 pronuntiaret.
928 1329 1010 1392 quae
1029 1328 1081 1370 res
1100 1305 1140 1371 ad
1159 1305 1242 1370 hauc
1265 1305 1346 1370 ertis
1373 1333 1387 1372 s

329 1415 407 1458 suae
435 1394 585 1460 fiduciam
615 1394 769 1460 Roscium
798 1394 970 1477 abstraxit,
999 1401 1035 1459 ut
1062 1393 1180 1458 librum
1209 1394 1345 1458 conscri-

331 1481 437 1567 beret,
474 1505 538 1566 quo
572 1483 791 1566 eloquentiam
824 1505 896 1547 cum
930 1483 1103 1548 histrionia
1135 1485 1347 1565 compararet.

283 1568 361 1634 131³
385 1573 437 1634 est
459 1570 606 1654 Roscius,
629 1570 685 1656 qui
708 1571 806 1636 etiam
827 1570 861 1635 Is
881 1568 989 1635 Sullae
1013 1570 1198 1635 carissimus
1222 1570 1292 1653 fuit,
1315 1572 1348 1633 et

332 1659 430 1723 aerulo
460 1682 558 1723 aureo
587 1661 627 1724 eb
657 1659 771 1724 eodem
800 1659 958 1724 dictatore
985 1659 1122 1723 donatus
1151 1662 1208 1722 est
1254 1661 1347 1722 tantu

330 1749 441 1810 eutem
461 1745 527 1810 luit
548 1747 656 1830 gretie
680 1751 713 1810 et
736 1748 851 1832 gloria,
875 1751 911 1810 ut
934 1747 1112 1811 mercedem
1136 1746 1284 1811 diurnam
1307 1743 1346 1810 de
1361 1772 1387 1812 re

334 1833 465 1916 publico
484 1835 574 1898 mille
593 1835 741 1898 denarios
761 1835 830 1899 sine
854 1835 1041 1919 gregalibus
1065 1834 1155 1898 solus
1178 1833 1346 1918 acceperit.

280 1921 525 2004 14Aesopum
545 1943 622 1986 uero
642 1943 680 1985 ex
699 1923 770 2005 peri
789 1927 858 1986 erte
877 1922 1042 1986 ducenties
1066 1921 1249 1986 sestertium
1274 1921 1346 1984 reli-

331 2009 440 2093 quisse
463 2008 531 2075 filio
555 2012 691 2075 constet.

421 2094 483 2162 Sed
513 2098 589 2182 quid
621 2099 738 2182 loquor
767 2097 806 2162 de
836 2097 1063 2182 histrionibus,
1093 2118 1165 2162 cum
1195 2094 1345 2182 Appius

332 2182 532 2270 Claudius,
552 2189 603 2251 uir
621 2187 837 2271 triumphalis,
856 2188 910 2273 qui
929 2184 1035 2252 Selius
1055 2187 1095 2252 ed
1116 2208 1216 2272 usque
1235 2208 1344 2252 senec·
1359 2214 1386 2254 rs

329 2278 434 2348 tutem
459 2276 537 2361 fuit,
560 2298 619 2360 pro
642 2275 749 2361 gloria
773 2277 962 2360 optinuerit,
985 2274 1071 2361 quod
1094 2277 1179 2340 iuter
1201 2274 1344 2359 collegas

330 2365 451 2450 optime
474 2364 667 2430 saltitabat?
732 2423 733 2426 ,

282 2453 322 2517 15
421 2454 471 2517 Ac
488 2455 677 2538 priusquam
700 2474 720 2516 a
744 2452 916 2517 saltatione
940 2451 1068 2518 discede
1091 2451 1173 2516 illud
1197 2451 1344 2535 ediciam,

331 2562 398 2607 uuo
418 2540 592 2626 eodemque
612 2548 759 2626 tempere
777 2540 880 2608 tribus
898 2542 1109 2607 nobilissimis
1129 2541 1253 2606 ciuibus
1277 2563 1344 2607 non

330 2630 428 2695 modu
453 2629 596 2696 studium
620 2629 762 2696 saltandi
786 2629 841 2694 sed
865 2631 973 2713 etiam,
997 2631 1025 2696 si
1048 2631 1098 2695 dis
1121 2630 1237 2716 placet,
1261 2630 1343 2715 peri·
1358 2657 1385 2696 se

331 2719 428 2803 tiam,
461 2742 525 2804 qua
558 2718 791 2802 gloriarentur,
829 2718 941 2802 luisse,
975 2718 1140 2784 Gabinio
1172 2720 1343 2784 consulari

331 2806 498 2873 Ciceronis
522 2809 667 2893 inimico,
690 2806 775 2891 quod
799 2808 828 2870 ci
852 2809 949 2872 etiam
973 2805 1085 2873 Cicero
1109 2830 1173 2872 non
1199 2807 1345 2872 dissimu-

332 2896 438 2961 lanter
471 2897 601 2980 obiecit,
634 2903 667 2960 et
699 2895 740 2960 bl.
764 2894 910 2978 Caelio,
943 2902 1021 2962 noto
1054 2900 1088 2961 in
1119 2896 1232 2962 turbas
1265 2897 1344 2975 uiro,

330 3005 425 3066 quem
463 2984 547 3048 idem
585 2982 697 3049 Cicero
735 2984 890 3068 defendit,
928 2990 961 3048 et
997 2985 1150 3049 Licinio
1189 2983 1343 3067 Crasso,

331 3069 439 3134 Crassi
463 3073 541 3154 eius,
563 3073 618 3155 qui
643 3072 728 3154 apud
751 3071 891 3135 Parthos
915 3074 1075 3136 extinctus
1100 3077 1158 3155 est,
1180 3072 1258 3134 filio.
1358 3095 1384 3134 ss

278 3157 341 3220 XV
420 3157 480 3222 Sed
511 3159 549 3221 de
577 3160 754 3223 saltatione
785 3164 930 3222 ueterum
962 3161 1001 3223 ad
1033 3160 1169 3242 praedae
1200 3159 1343 3222 marinae

335 3247 473 3310 transire
497 3247 606 3311 luxum
626 3246 821 3312 Licinierum
848 3268 898 3310 me
920 3269 1040 3311 nomen
1063 3247 1238 3328 admonuit,
1262 3267 1344 3330 quos

332 3333 483 3400 Murenae
521 3336 780 3420 cognominatos,
818 3335 901 3419 quod
939 3334 1001 3399 boc
1033 3336 1119 3420 pisce
1153 3335 1343 3399 effusissime

301 3423 486 3488 ‘Zdelectati
506 3426 581 3508 siut,
605 3426 685 3489 setis
709 3429 846 3490 constat.
892 3424 966 3489 lruic
991 3425 1137 3508 opinioni
1157 3423 1199 3490 M.
1218 3423 1343 3489 Venno

333 3514 496 3579 consentit
527 3514 678 3579 adserens
711 3514 838 3578 eodem
872 3514 980 3579 mode
1010 3514 1181 3580 Licinies
1213 3513 1384 3598 appel-eo

332 3603 436 3668 latos
469 3602 660 3689 Murenae,
698 3627 770 3690 quo
803 3603 961 3690 Sergius
994 3604 1112 3670 Orate
1149 3603 1344 3690 cognomi-

402 3805 414 3851 1
436 3798 522 3853 resero
540 3805 572 3853 nt
590 3800 648 3854 uid.
668 3796 707 3852 B'
767 3800 983 3854 tumultunueut
1005 3800 1031 3852 P
1090 3806 1105 3852 t
1125 3798 1347 3855 *serenatus

328 3870 356 3923 P
413 3869 524 3938 'lquod
544 3868 578 3923 Β
642 3872 751 3924 tilucro
770 3870 825 3923 ΒΡ
879 3870 939 3943 nln-
959 3873 992 3936 1¹,
1013 3872 1097 3938 l‘yllne
1117 3872 1144 3923 Β
1201 3878 1231 3924 12
1251 3870 1344 3924 sener-

329 3946 374 3994 cn‘r
396 3942 423 3993 Ρ
506 3949 537 3994 14
556 3941 639 4011 aprus
654 3943 681 3995 Β
757 3948 788 3995 lo
807 3945 923 4010 qureret
941 3943 1025 4008 fuller·
1044 3941 1079 3996 B'
1159 3940 1299 4009 usquead
1320 3942 1347 3996 P

329 4017 363 4064 20
382 4011 501 4066 ltudrir*
523 4012 550 4064 Ρ
649 4019 681 4066 21
702 4012 811 4067 (taenio
832 4014 866 4081 P,
886 4030 1000 4082 gammo
1019 4014 1046 4066 Β
1148 4019 1181 4065 22
1202 4029 1226 4065 er
1246 4029 1296 4068 one.
1317 4013 1345 4066 B

328 4087 362 4136 23
383 4099 477 4138 marco
496 4082 555 4135 BP
624 4084 722 4138 *cebo
744 4085 772 4137 P
842 4100 902 4138 uno
921 4101 972 4140 om.
992 4086 1020 4139 Β
1088 4089 1121 4138 27
1141 4084 1298 4138 ammonuit
1317 4083 1344 4137 Β

328 4152 400 4221 quel
415 4151 451 4206 B'
506 4153 670 4208 essunt?
