3322 5190
334 782 379 848 62
731 780 809 837 aar.
828 778 926 834 muru
945 779 958 831 1

283 942 588 1027 22pontificum
617 942 743 1006 libris
771 941 1013 1025 indigitari:
1043 940 1213 1025 Bonam,
1246 944 1351 1026 quod

337 1031 507 1095 omnium
534 1029 645 1094 nobie
674 1028 719 1093 ad
746 1029 892 1094 uictum
919 1028 1106 1093 bonorum
1134 1051 1252 1094 cause
1279 1034 1353 1114 est,

336 1116 534 1199 Faunum,
572 1116 677 1202 quod
715 1117 823 1181 omni
856 1116 949 1180 ueni
982 1117 1256 1181 animantium
1292 1118 1351 1182 fa·

335 1210 414 1288 uet,
443 1205 574 1289 Opem,
607 1203 707 1288 quod
736 1205 862 1288 ipeiue
891 1204 1037 1269 auxilio
1065 1204 1147 1268 uita
1177 1210 1352 1289 constat,

335 1291 494 1359 Fatuam
513 1316 533 1358 a
552 1293 681 1377 fendo,
704 1291 811 1376 quod,
829 1294 866 1355 ut
884 1313 984 1374 eupra
1002 1291 1151 1374 diximus,
1175 1292 1350 1358 infantes
1378 1321 1390 1357 e

335 1386 449 1466 partu
472 1381 568 1446 editi
590 1402 666 1445 non
689 1381 796 1463 prius
825 1401 951 1444 uocem
977 1379 1095 1444 edunt
1122 1401 1233 1464 quam
1258 1383 1350 1446 atti·

282 1470 465 1556 Pdgerint
486 1473 640 1534 terrem.
687 1472 763 1533 eunt
791 1466 846 1551 qui
870 1467 978 1532 dicant
1004 1466 1088 1533 hanc
1115 1467 1209 1533 deam
1237 1474 1351 1553 poten·

335 1558 415 1622 tiem
438 1558 559 1623 habere
582 1555 731 1635 lunonis,
757 1555 893 1639 ideoque
920 1557 1027 1640 regale
1055 1561 1218 1641 sceptrum
1247 1558 1280 1621 in
1310 1559 1350 1621 ei-

334 1646 441 1711 nietre
472 1668 570 1710 manu
603 1646 633 1709 ei
665 1644 819 1709 additum.
865 1644 999 1710 eandem
1033 1645 1089 1709 elii
1120 1644 1349 1729 Proserpinam

335 1734 478 1819 eredunt,
501 1755 661 1817 porcaque
684 1735 714 1797 ei
736 1755 805 1796 rem
829 1732 970 1797 diuinam
994 1733 1073 1816 fieri,
1096 1734 1172 1817 quia
1195 1739 1349 1818 segetem,
1366 1765 1389 1800 ιο

336 1843 433 1908 quam
470 1820 567 1886 Ceres
604 1821 796 1887 mortalibus
828 1821 958 1900 tribuit,
993 1843 1090 1904 porca
1122 1821 1258 1904 depasta
1291 1827 1349 1888 eet

282 1911 393 1978 24an
418 1913 573 1975 Χθονίαν
591 1906 746 1994 Ἑκάτην,
768 1907 896 1974 Boeotii
920 1907 1081 1975 Semelam
1104 1909 1247 1974 eredunt.
1288 1933 1349 1975 nee

335 2020 402 2064 non
434 1998 569 2064 eandem
601 1997 721 2064 Fauni
752 1998 854 2063 filiam
883 1998 1006 2082 dieunt,
1033 1998 1262 2084 obstitieeeque
1290 2021 1349 2064 ao·

335 2089 454 2154 luntati
485 2089 590 2173 patris
623 2088 656 2153 in
689 2110 831 2153 amorem
864 2109 958 2153 eunuc
991 2088 1087 2174 lapei,
1119 2091 1156 2154 ut
1188 2093 1221 2154 et
1252 2089 1349 2175 uirga

336 2181 462 2262 myrtea
490 2179 531 2243 ab
555 2200 593 2243 eo
616 2179 852 2261 uerberaretur,
880 2200 952 2242 cunr
980 2177 1135 2243 desiderio
1159 2179 1260 2263 patrie
1289 2201 1348 2245 nee
1364 2209 1388 2246 a

335 2268 412 2333 uino
450 2268 491 2332 ab
533 2266 645 2331 eodem
682 2289 794 2350 pressa
825 2267 984 2331 cessisset
1030 2267 1279 2352 transfigurasse
1313 2292 1348 2333 se

334 2360 444 2420 temen
468 2356 500 2418 in
521 2359 703 2438 serpentem
722 2358 815 2438 pater
833 2354 982 2436 creditur,
1005 2361 1038 2419 et
1055 2355 1159 2419 coisse
1178 2376 1249 2419 cum
1269 2356 1348 2421 filia.

282 2444 451 2510 25horum
471 2445 615 2507 omnium
634 2442 715 2507 haec
733 2441 944 2526 proferuntur
966 2442 1094 2526 indicia,
1117 2443 1201 2527 quod
1221 2444 1347 2527 uirgam

334 2537 495 2618 myrteam
518 2533 552 2596 in
571 2531 694 2615 templo
709 2529 823 2595 haberi
842 2530 934 2597 nefas
953 2529 1006 2616 eit,
1029 2530 1115 2617 quod
1134 2553 1232 2616 euper
1251 2538 1349 2616 ceput

335 2622 405 2688 eine
423 2620 615 2687 extendatur
638 2620 725 2704 uitis,
749 2642 813 2704 qua
836 2621 976 2685 nrauirne
999 2642 1070 2685 eam
1089 2623 1183 2704 pater
1202 2621 1348 2705 decipere
1362 2654 1388 2689 a·

333 2711 516 2797 temptauit,
540 2710 626 2795 qued
652 2711 762 2774 uinum
787 2710 821 2774 in
844 2710 1002 2793 ternplum
1026 2711 1094 2775 eius
1118 2732 1184 2774 uon
1207 2735 1267 2775 eno
1290 2735 1347 2776 nn·

332 2800 419 2864 mine
438 2801 543 2864 soleat
560 2799 683 2882 inferri,
702 2798 757 2863 sed
777 2821 846 2882 uae,
864 2798 898 2862 in
917 2820 980 2882 quo
999 2800 1111 2863 uinum
1131 2797 1268 2863 inditum
1289 2806 1348 2880 eet,

332 2888 548 2953 mellarium
566 2888 761 2969 nominetur,
784 2891 818 2952 et
835 2888 947 2951 ninum
965 2889 1026 2953 lac
1048 2892 1260 2972 nuncupetur,
1282 2911 1347 2953 eer-

331 2980 508 3059 penteeqne
536 2975 570 3037 in
597 2975 718 3057 templo
743 2975 811 3038 eius
838 2996 898 3038 nec
921 2979 1081 3039 terrentes
1108 2996 1168 3037 nee
1195 2976 1347 3041 timentes

277 3067 320 3132 26
331 3062 549 3127 indifferenter
568 3064 753 3144 appareant.
783 3062 914 3144 quidam
931 3061 1099 3126 Medeam
1114 3064 1240 3144 putant,
1260 3063 1346 3145 quod
1361 3091 1386 3129 εὖ

331 3149 366 3213 in
393 3150 504 3214 aedem
537 3149 606 3213 eine
635 3168 730 3213 omne
757 3170 860 3233 genus
887 3149 1062 3212 herbarum
1091 3153 1134 3212 eit
1161 3170 1200 3212 ex
1228 3150 1346 3232 quibus

332 3237 496 3301 antistites
520 3235 600 3300 dant
617 3236 807 3319 plerumque
826 3236 1010 3322 medicinas,
1032 3241 1065 3301 et
1084 3235 1168 3319 quod
1188 3238 1345 3320 templum

331 3324 400 3391 eine
425 3326 530 3390 uirum
549 3324 682 3389 introire
705 3345 772 3388 non
796 3324 894 3389 liceat
911 3329 1044 3410 propter
1062 3325 1224 3410 iniuriam,
1247 3348 1345 3410 quem

277 3422 319 3490 27
331 3414 373 3480 ab
413 3413 543 3500 ingrato
579 3414 650 3478 niro
688 3411 803 3478 Iasone
840 3435 993 3498 perpessa
1031 3417 1091 3481 eet.
1142 3413 1222 3479 haee
1259 3416 1345 3500 apud

329 3541 543 3549 —u--m-—-

402 3615 555 3671 laudicen
575 3617 603 3669 P
656 3615 868 3687 aarupmn‘
925 3616 1040 3672 dedita
1058 3615 1093 3669 B‘
1148 3621 1222 3684 *qud
1246 3617 1274 3670 P
1328 3624 1343 3673 7

329 3689 427 3743 dicunt
445 3689 514 3756 (dier
532 3690 563 3743 iu
581 3705 651 3744 raa:
672 3690 766 3756 pruna
790 3689 841 3744 litt.
860 3688 917 3756 suit
936 3690 964 3758 p)
985 3689 1013 3741 P
1083 3693 1100 3742 8
1119 3687 1214 3758 regule
1232 3694 1264 3744 ut
1282 3690 1342 3744 uid.

327 3757 363 3814 B'
427 3759 564 3828 sceptrum
584 3760 678 3830 regale
700 3759 728 3812 P
790 3765 823 3813 10
843 3759 910 3813 dina
931 3755 969 3812 P'
1035 3766 1066 3812 11
1087 3759 1192 3813 cerens
1207 3755 1243 3813 B'
1310 3767 1342 3814 12

328 3858 504 3912 GKATHNu*
519 3857 524 3927 Ι
541 3858 574 3924 Ρ,
593 3858 728 3912 ΗΚΑΤΗΝ
749 3858 777 3910 Β
831 3859 946 3911 ΒΕΕΟΤΙ
965 3857 1001 3924 Β,
1020 3846 1109 3924 boetji
1127 3846 1161 3923 (ii
1180 3858 1211 3909 iu
1224 3860 1290 3924 ras.)
1315 3858 1344 3909 P

327 3929 363 3995 cf.
380 3927 448 3984 Lite.
470 3930 615 3983 deerant.
635 3933 710 3983 1367
725 3945 754 3996 p.
775 3933 850 3983 1082
906 3934 939 3981 1⁶
959 3927 1100 3981 mirteeP
1153 3934 1184 3981 lt
1205 3930 1339 3980 venerc-

327 3997 523 4053 drtvrc'nrac.
542 4000 620 4052 inP
684 4004 715 4051 le
735 4003 835 4052 murtea
855 3999 883 4052 P
943 4003 977 4052 20
996 4002 1029 4051 ea
1048 3998 1152 4051 iuras.
1171 3997 1248 4051 inP
1304 4003 1338 4049 26

326 4067 515 4123 indifferenter
532 4084 583 4123 om.
603 4070 631 4122 P
690 4066 900 4123 eer1tom.B
965 4068 1247 4137 2‘1pleerumqueP
1303 4073 1339 4120 28

326 4153 465 4194 meantum
484 4136 512 4190 B
566 4142 760 4209 reintegrato
781 4135 819 4191 P'
