3322 5190
339 795 405 860 468
718 795 793 851 Sh'l'.
812 795 908 849 LIBRI
927 796 977 850 Vll

340 956 519 1021 conduntur
540 957 574 1021 in
594 956 770 1022 maximam
794 956 892 1042 sitim,
914 957 1000 1041 quod
1023 979 1087 1022 non
1111 957 1265 1040 eueniret,
1287 958 1351 1024 nisi

339 1048 425 1109 esset
446 1046 557 1129 pulmo
576 1044 813 1129 receptaculum
836 1050 942 1130 potus.
979 1045 1041 1111 hcc
1065 1066 1192 1130 quoque
1215 1046 1352 1129 intuere,

339 1131 426 1217 quod
456 1131 623 1212 animalia,
655 1133 772 1216 quibus
804 1134 916 1217 pulmo
944 1154 1010 1199 non
1043 1138 1107 1219 est,
1138 1137 1251 1218 potum
1279 1155 1351 1198 nas-

339 1221 436 1288 oiuut.
486 1222 603 1286 natura
640 1221 725 1286 enim
768 1220 851 1287 nihil
884 1222 1082 1306 superfluum
1114 1221 1170 1288 sed
1202 1222 1351 1289 membra

339 1309 469 1395 singula
498 1310 540 1377 ad
568 1309 700 1397 aliquod
727 1311 860 1378 uiuendi
893 1312 1110 1378 ministerium
1137 1311 1229 1396 fecit,
1262 1311 1349 1396 quod
1376 1334 1390 1375 s

286 1399 410 1465 19cum
429 1400 528 1483 deest,
551 1421 628 1465 usus
652 1401 721 1466 eius
744 1422 810 1465 non
833 1399 1041 1468 desideratur.
1078 1402 1130 1466 uel
1150 1401 1212 1466 hoo
1231 1402 1350 1486 cogita,

338 1489 423 1573 quia,
447 1489 474 1553 si
499 1487 686 1553 stomachus
707 1490 814 1554 cibum
836 1493 1014 1574 potumque
1032 1490 1220 1574 susciperet,
1243 1511 1351 1575 super-

336 1575 420 1641 fluus
443 1575 529 1642 foret
551 1577 678 1643 uesicae
703 1600 789 1642 usus.
833 1581 964 1661 poterat
991 1580 1076 1643 enim
1106 1579 1273 1662 utriusque
1302 1579 1350 1643 rei

338 1665 522 1731 stomachus
543 1666 734 1732 retrimenta
750 1667 907 1731 intestino
926 1666 1062 1752 tradere,
1080 1668 1132 1731 cui
1147 1689 1233 1732 nunc
1248 1667 1349 1732 solius

337 1754 402 1819 cibi
425 1754 540 1837 tradit,
569 1776 629 1818 nec
652 1777 732 1838 opus
756 1760 842 1819 esset
864 1755 999 1821 diuersis
1029 1756 1203 1839 meatibus,
1231 1755 1348 1838 quibus
1364 1777 1389 1816 ro

337 1842 467 1928 singula
498 1840 715 1926 traderentur,
744 1841 799 1907 sed
833 1865 915 1907 unus
949 1843 1077 1928 utrique
1110 1843 1273 1908 sufficeret
1306 1846 1348 1909 ab

338 1929 449 1994 eadem
494 1931 633 1996 statione
678 1929 879 2015 transmisso,
916 1931 1012 1998 modo
1056 1937 1164 1996 antem
1201 1952 1348 1997 seorsum

338 2019 447 2085 nesios
479 2022 512 2083 et
539 2019 728 2085 intestinum
758 2040 902 2085 scorsum
931 2020 1030 2085 saluti
1054 2020 1167 2104 seruit,
1195 2020 1271 2104 quia
1298 2021 1347 2085 illi

285 2108 525 2174 20stomacbus
541 2108 651 2188 tradit,
673 2108 785 2193 pulmo
805 2109 941 2174 uesicae.
985 2130 1044 2174 nac
1062 2110 1124 2173 hoc
1142 2113 1347 2194 praetereun—

338 2194 413 2259 dum
436 2200 496 2279 est,
519 2196 604 2279 quod
627 2196 660 2259 in
684 2197 793 2279 urina,
821 2218 903 2278 quae
927 2200 977 2261 est
999 2197 1388 2281 retrimentumpotus,1a

336 2283 461 2347 nullum
485 2283 549 2347 cibi
571 2283 747 2367 uestigium
772 2285 945 2367 reperitur,
973 2285 1029 2348 sed
1053 2305 1110 2349 neo
1138 2284 1247 2366 aliqua
1270 2306 1346 2368 qua·

336 2369 429 2434 litate
459 2370 589 2436 illorum
624 2373 886 2435 retrimeutorum
918 2371 970 2435 uel
1004 2371 1123 2437 coloris
1155 2372 1205 2436 uel
1238 2372 1347 2437 odoris

335 2457 488 2542 inficitur,
525 2458 611 2543 quod
643 2459 671 2523 si
704 2459 738 2523 in
775 2461 888 2524 uentre
925 2458 1022 2524 simul
1055 2459 1206 2541 fuissent,
1238 2459 1347 2543 aliqua

282 2546 465 2613 miliarum
493 2547 636 2612 sordium
669 2546 812 2631 qualitas
841 2547 1034 2613 inficeretur.
1079 2569 1155 2613 nam
1183 2551 1347 2631 postremo

334 2634 471 2719 lapides,
494 2636 549 2719 qui
577 2635 616 2700 de
644 2639 723 2719 potu
751 2636 785 2699 in
814 2637 923 2700 uesica
954 2639 1143 2719 noscuntur,
1170 2658 1227 2700 our
1255 2658 1345 2701 num·
1360 2657 1387 2698 ro

335 2746 431 2807 quarn
456 2725 487 2787 in
508 2729 619 2789 uentre
639 2724 832 2808 coalescunt,
851 2747 923 2789 cunr
943 2746 1008 2789 nou
1026 2726 1090 2789 nisi
1110 2748 1147 2788 ex
1167 2728 1245 2808 potu
1265 2726 1347 2790 fiant

334 2821 367 2876 et
394 2813 483 2877 nasei
513 2814 546 2876 in
574 2818 687 2878 uentre
716 2835 842 2899 quoque
866 2814 1048 2898 debuerint,
1073 2814 1099 2879 si
1123 2818 1236 2878 uenter
1260 2819 1345 2880 esset

280 2904 323 2969 22
333 2903 570 2987 receptaculum
591 2904 708 2987 potus?
731 2904 765 2967 in
786 2904 971 2987 pulmonem
992 2904 1129 2970 defluere
1148 2911 1262 2989 potum
1285 2927 1343 2970 neo

332 2995 447 3075 poetae
467 2992 592 3056 nobiles
612 2992 773 3078 ignorant.
821 2993 867 3058 ait
891 2994 975 3057 enim
994 2993 1156 3077 Eupolis
1180 2994 1214 3058 in
1233 2992 1344 3058 fabula

333 3102 415 3165 quae
438 3081 625 3146 inscribitur
648 3083 794 3157 Κόλακες
1358 3101 1385 3142 as

375 3277 438 3360 yolo
463 3275 481 3339 ὁ
505 3277 729 3360 Πρωταγόρας
754 3209 912 3358 ἐκἝῖῖευιῖν,
936 3277 991 3339 ἵνα

376 3368 396 3443 l
419 3365 483 3449 πρὸ
507 3373 566 3428 τοῦ
589 3365 690 3439 κυνὸς
712 3366 771 3428 τὸν
794 3362 952 3447 πνεύμον’
981 3367 1118 3429 ἔκλυτον
1142 3367 1206 3448 ἔχῃ.

277 3473 320 3538 23
331 3476 363 3535 et
385 3469 668 3536 Eratosthenes
694 3475 833 3534 testatur
857 3470 940 3533 idem

419 3575 474 3642 καὶ
497 3579 609 3659 βαθὺν
633 3575 762 3664 ἀκρήτῳ
785 3577 955 3660 πνεύμονα
978 3578 1182 3660 τεγγόμενος.
1354 3596 1381 3635 ao

400 3741 434 3787 33
454 3733 588 3788 Meinelrii
607 3735 705 3803 fragm.
726 3751 795 3788 com.
815 3732 848 3802 11,
870 3739 882 3785 l
904 3751 930 3803 p.
950 3739 998 3786 491
1093 3738 1126 3785 30
1146 3732 1338 3788 Eratostheni·

328 3820 422 3858 corum
441 3823 468 3874 p.
490 3812 539 3860 155
561 3806 720 3874 Bernhardy

399 3948 591 4018 ttradcldere
612 3953 639 4001 Ρ
692 3954 725 4001 23
744 3947 829 4016 putus
845 3942 879 3999 Ρ
940 3951 974 3998 25
993 3947 1104 4000 colecel
1119 3947 1146 3999 P
1197 3954 1229 4001 27
1248 3948 1338 4001 πίνειν

326 4022 380 4085 γὰρ
399 4020 487 4071 αὐτὸν
504 4019 697 4086 Πρωταγόρα(
716 4020 819 4072 ἐκέλευ’
836 4019 883 4070 ἵνα
902 4018 1057 4071 Melneliue
1138 4019 1337 4072 ΤΑΡΠΡὺΠΟ·

326 4089 431 4144 ΡΑ(Ρ
483 4095 517 4145 33
535 4091 614 4144 ΠΡω
629 4090 657 4143 Ρ
713 4090 908 4144 ΠΝΕΥΜΟΝΛ
928 4089 1082 4142 ΕΚΛΥΡΟΝ
1101 4089 1129 4143 Ρ
1189 4091 1337 4143 ἔκκλυετον

325 4161 481 4216 ΜοὶαοΜαο
548 4166 582 4215 30
602 4162 738 4215 enorme
758 4160 787 4214 Ρ
846 4160 1050 4231 ΠΛΕ4ΥΜΟΝΑ
1070 4160 1291 4214 tenemento<-
1311 4159 1340 4213 Ρ
