3322 5190
330 811 372 875 12
724 810 801 866 ΕΔΤ.
820 811 917 867 LIBRI
935 812 948 867 1

327 970 379 1035 his
408 972 494 1036 enim
523 971 633 1037 uerbis
657 970 741 1038 diem
765 992 858 1057 quem
882 971 1022 1036 Romani
1045 973 1174 1038 ciuilem
1197 973 1340 1058 appelle·

277 1061 315 1124 11
328 1063 455 1143 nerunt,
474 1082 493 1125 e
511 1065 604 1126 sexte
621 1061 726 1126 noctis
746 1060 827 1125 hors
845 1059 923 1126 oriri
942 1061 1103 1126 admonet
1140 1061 1226 1128 idem
1243 1067 1340 1148 poete

329 1149 459 1234 quaudo
482 1171 546 1214 nox
570 1172 696 1237 quoque
720 1150 865 1236 incipiat,
887 1150 1047 1235 expressit
1070 1151 1103 1216 in
1129 1158 1230 1217 serto.
1267 1174 1340 1217 cum

256 1259 259 1270 ·
328 1237 416 1303 enim
439 1238 574 1305 dixisset

417 1345 479 1411 hec
501 1347 572 1412 uice
594 1367 779 1411 sermonum
803 1346 905 1412 roseis
928 1347 1056 1411 Aurora
1079 1345 1245 1431 quadrigis
1367 1357 1381 1398 ⁶

418 1434 482 1499 iem
506 1434 647 1500 medium
671 1435 815 1500 aetherio
838 1457 935 1500 cursu
957 1435 1129 1500 traiecerat
1152 1457 1259 1518 exem,

330 1561 405 1605 mox
428 1541 593 1626 suggessit
615 1546 708 1605 nutes

417 1669 481 1712 nox
505 1647 580 1732 ruit,
603 1647 725 1712 Acneer
747 1669 807 1712 nos
831 1645 936 1711 sseudo
959 1646 1105 1712 ducimus
1129 1647 1237 1715 horus.

417 1752 470 1817 Ite
502 1754 810 1818 obseruantiesimus
843 1754 988 1817 ciuilium
1022 1754 1244 1819 definitionum
1275 1755 1339 1819 diei

279 1843 364 1910 met
398 1841 504 1905 noctis
541 1841 638 1906 initio
670 1842 849 1925 descripsit.
904 1843 959 1923 qui
991 1841 1060 1906 dies
1093 1843 1140 1907 itu
1176 1843 1339 1907 diuiditur.
1356 1872 1380 1909 ro

329 1929 470 2012 primum
483 1934 611 2012 tempus
626 1930 688 1993 diei
703 1929 820 1994 dicitnr
835 1928 958 1992 medie
971 1930 1099 1993 noctis
1114 1929 1339 2012 inclineti0,

328 2016 443 2081 deinde
467 2017 733 2102 gallicinium,
758 2016 831 2082 inde
854 2017 1085 2100 conticuum,
1108 2040 1180 2083 cunr
1204 2023 1238 2083 ct
1260 2019 1340 2104 gutli

329 2107 552 2171 conticescunt
574 2111 607 2171 et
628 2107 775 2170 homines
800 2106 897 2171 etium
922 2111 990 2171 tum
1015 2108 1196 2192 quiescunt,
1226 2107 1340 2172 deinde

278 2180 542 2259 13diluculum
579 2195 612 2258 id
650 2201 699 2258 est
735 2217 808 2259 cum
842 2195 958 2279 incipit
991 2196 1113 2260 dinosci
1147 2197 1229 2279 dies,
1266 2198 1340 2261 inde

330 2305 438 2347 mene
462 2283 626 2347 cumdius
650 2283 755 2347 clerus
779 2287 837 2346 est.
874 2305 982 2347 mene
1006 2288 1114 2348 eutem
1137 2285 1258 2348 dictum
1282 2293 1340 2349 aut
1356 2311 1380 2351 re

329 2371 414 2454 quod
434 2370 476 2434 sb
496 2370 712 2450 inferioribus,
735 2371 767 2434 id
787 2372 837 2432 est
856 2391 875 2433 e
893 2369 1055 2459 Manibus,
1074 2372 1238 2435 exordium
1259 2373 1340 2436 lucis

329 2462 489 2543 emerget,
521 2462 591 2541 sut,
623 2458 708 2541 quod
741 2457 848 2521 uerius
880 2457 961 2520 mihi
993 2458 1133 2541 uidetur,
1165 2459 1206 2521 ab
1233 2460 1341 2522 omine

329 2544 407 2608 boni
439 2544 590 2608 nominis.
642 2565 718 2607 num
751 2548 784 2607 et
816 2542 976 2607 [rennuini
1009 2566 1116 2608 mene
1148 2567 1207 2627 pro
1240 2546 1341 2609 bono

330 2629 455 2695 dicunt:
469 2630 554 2694 sicut
568 2631 653 2714 opud
668 2652 727 2694 nos
742 2652 868 2714 quoque
883 2631 1083 2695 contrarium
1096 2639 1146 2694 est
1165 2633 1342 2714 immune,

279 2722 367 2784 14ut
398 2719 576 2782 immunis
608 2718 721 2782 belua
753 2717 804 2782 uel
837 2719 1000 2782 immune
1032 2718 1183 2784 fucinus
1215 2724 1249 2783 et
1281 2719 1342 2784 hoc
1356 2748 1382 2787 1ο

330 2825 433 2889 genus
466 2811 576 2871 cetere
606 2827 664 2889 pro
697 2827 772 2869 nou
805 2806 913 2871 bono.
964 2805 1078 2871 deiude
1110 2829 1129 2870 u
1161 2829 1270 2873 mune
1298 2809 1341 2872 ed

330 2894 542 2975 meridiem,
565 2893 628 2957 hoc
652 2893 764 2959 ested
789 2894 930 2960 medium
954 2894 1030 2958 diei:
1055 2895 1130 2960 iude
1154 2897 1219 2959 iem
1244 2918 1343 2979 supra

329 2985 464 3046 uocatur
490 2985 642 3066 tempus
671 2982 869 3046 occiduum
894 2986 928 3046 et
945 3005 1021 3046 mox
1046 3004 1223 3066 supreme
1249 2989 1342 3048 tem·

329 3074 475 3155 pestes,
500 3069 562 3134 hoc
591 3073 641 3134 est
667 3069 729 3134 diei
753 3071 968 3136 nouissimum
1001 3076 1145 3156 tempus,
1177 3072 1262 3137 sicut
1288 3095 1342 3137 ex·

330 3178 479 3241 pressum
507 3166 557 3222 est
583 3159 618 3223 in
645 3177 831 3225 nvomrciu
857 3177 1016 3226 rueme:
1051 3161 1149 3225 solis
1181 3183 1381 3228 occesueen

279 3249 510 3332 ldsupremu
540 3252 752 3331 tempestas
783 3253 881 3313 esto:
914 3249 1028 3313 deinde
1057 3272 1229 3334 uespere,
1256 3251 1342 3335 quod

329 3357 349 3399 e
377 3334 509 3401 Graecis
541 3341 682 3401 tractum
715 3341 773 3401 est
822 3336 872 3400 illi
905 3338 990 3402 enim
1022 3335 1162 3424 ἑσπέραν
1196 3362 1216 3404 u
1247 3340 1342 3405 stella

330 3422 476 3510 Hespero
491 3425 615 3490 dicunt:
634 3425 766 3490 undeet
784 3424 975 3510 Hesperia
987 3424 1093 3513 Italic,
1113 3428 1198 3513 qnod
1213 3430 1341 3493 occasui

401 3571 740 3642 tVerg.Aen.V1535
812 3573 886 3629 sid.
905 3574 942 3628 ib.
968 3573 1005 3629 Vl
1025 3580 1076 3628 1539
1149 3582 1183 3630 26
1201 3577 1266 3646 Leg.
1291 3575 1341 3629 xil

330 3643 387 3699 tub.
406 3644 505 3714 fragm.
525 3644 538 3697 Ι
556 3650 572 3698 9
592 3644 635 3700 ed.
656 3643 768 3700 Schoell

403 3777 567 3845 lquumB
622 3777 870 3832 tedmonetBP
923 3777 1051 3830 ⁶th
1105 3777 1302 3832 tthereoP

328 3847 475 3900 treiererat
496 3845 530 3899 P
595 3846 876 3901 eobserucnnffimrs
892 3844 927 3900 Β
993 3852 1026 3900 13
1048 3849 1116 3900 tune
1226 3852 1259 3900 lt
1283 3848 1344 3901 dies

328 3915 432 3971 dinosci
457 3917 486 3969 P
559 3923 590 3970 16
609 3917 745 3970 inferibus
765 3916 835 3969 locri
855 3917 885 3969 id
909 3917 936 3969 B
1008 3917 1189 3971 *exordium
1216 3920 1257 3982 (in
1284 3935 1340 3972 rue.

327 4020 385 4074 uid.
404 4022 491 4088 fnisse
509 4022 532 4090 1)
551 4022 579 4074 P
640 4027 672 4074 1⁷
696 3989 808 4087 trimme
826 4021 854 4073 B
921 4024 952 4073 18
972 4018 1097 4074 lenubrui
1118 4018 1162 4087 lt,
1186 4020 1293 4076 lunubn
1315 4023 1342 4074 P

328 4093 515 4147 menemn.P
580 4087 904 4160 tlnouprobonoBF
973 4096 1008 4145 16
1027 4090 1147 4160 supremi
1159 4089 1194 4144 P'
1263 4094 1344 4147 estP

327 4166 362 4216 27
382 4163 538 4218 ΕΕΠΗΡΑΝ
553 4180 571 4220 s
584 4179 602 4218 s
616 4164 721 4232 (prima
739 4163 791 4220 titt.
810 4163 870 4218 uid.
887 4161 974 4228 fuisse
992 4163 1024 4229 Α)
1043 4162 1071 4216 Ρ
