3322 5190
315 853 382 921 406
691 854 766 913 SA'I'.
785 855 882 912 LIBRI
901 855 953 911 vll

316 1038 413 1103 quae
445 1039 631 1102 praeseus
664 1019 768 1103 inquit
800 1021 907 1084 locus
940 1022 977 1084 et
1009 1023 1160 1104 tempus
1193 1015 1328 1101 exigit,

316 1125 386 1191 ego
405 1126 481 1172 non
501 1106 643 1193 calleo,
666 1128 762 1193 quse
781 1129 850 1192 ego
869 1107 1011 1191 calleo,
1031 1128 1099 1172 nec
1117 1106 1201 1172 loco
1221 1126 1327 1189 prae·

315 1193 415 1259 senti
439 1200 529 1260 sunt
553 1200 644 1278 apta
666 1217 734 1260 nec
757 1194 944 1281 tempori?

283 1281 305 1345 b
405 1282 456 1346 Ad
480 1282 561 1348 haec
584 1281 778 1350 Eustathius
803 1282 929 1367 probo,
953 1281 1157 1367 Symmacho,
1180 1280 1328 1367 proposi-

314 1374 384 1436 tum
408 1374 515 1455 tuum,
539 1394 602 1456 quo
627 1371 870 1457 philosophiam
893 1394 931 1438 ea
954 1394 1049 1455 quam
1074 1371 1249 1436 maximam
1272 1392 1328 1454 pu·
1356 1395 1369 1436 ι

313 1462 365 1524 tas
403 1460 631 1526 obseruatione
668 1461 847 1544 ueneraris,
885 1465 921 1525 ut
953 1464 1083 1524 tantum
1115 1463 1202 1525 intra
1234 1480 1327 1524 suum

312 1547 463 1630 penetrat
495 1549 647 1613 aestimes
675 1547 887 1631 adorandam,
919 1547 974 1612 sed
1003 1548 1030 1613 si
1058 1552 1191 1631 propter
1217 1547 1281 1610 boo
1309 1568 1327 1610 a

313 1634 473 1700 conuiuiis
502 1634 658 1719 exulabit,
687 1636 799 1719 procul
827 1634 902 1699 hinc
929 1635 1093 1699 facessant
1120 1640 1153 1699 et
1176 1634 1327 1699 alumnae

313 1722 397 1804 eius,
425 1722 632 1786 honestatem
656 1720 727 1787 dieo
752 1726 784 1786 et
807 1721 1013 1806 modestiam,
1039 1745 1098 1787 nec
1121 1723 1230 1786 minus
1254 1743 1327 1786 cum

313 1808 490 1874 sobrietate
508 1809 672 1895 pietatem.
710 1832 805 1893 quam
825 1811 910 1873 enim
928 1811 1043 1874 harum
1064 1810 1199 1873 dixerim
1218 1809 1326 1873 minus
1342 1835 1368 1874 ιο

313 1917 383 1962 esse
407 1897 650 1962 uenerabilem?
686 1897 734 1962 ita
757 1898 802 1980 fis,
824 1903 862 1961 ut
884 1897 926 1962 ab
950 1897 1045 1961 huius
1068 1897 1156 1961 modi
1180 1897 1327 1962 coetibus

312 1984 477 2070 relegatus
506 1988 728 2050 matronarum
756 1986 870 2050 talium
898 1985 1014 2050 choras
1042 1985 1227 2050 libertatem
1251 2005 1327 2049 eoa-

313 2070 476 2138 uiuiorum
499 2073 580 2139 sotis
604 2074 807 2158 concubinis,
831 2072 862 2138 id
886 2078 937 2138 est
958 2073 1046 2138 uitiis
1070 2077 1104 2138 et
1127 2073 1327 2156 criminibus,

283 2159 454 2228 daddicat.
504 2161 559 2227 sed
588 2162 688 2246 absit,
721 2167 757 2227 ut
784 2162 1004 2248 philosophia,
1032 2184 1114 2246 quae
1142 2162 1175 2226 iu
1205 2161 1327 2227 scholis

311 2249 379 2315 suis
417 2251 558 2316 sollicite
595 2254 717 2316 tractat
753 2251 791 2315 de
825 2251 941 2318 officiis
979 2251 1216 2336 conuiualibas,
1253 2251 1325 2335 ipsa
1341 2274 1367 2315 ιι

310 2339 461 2406 conuiuia
489 2339 690 2424 reformidet,
725 2344 893 2426 tamquam
920 2363 986 2407 nou
1013 2340 1119 2425 possit
1146 2341 1242 2406 rebus
1271 2339 1325 2404 ad·

310 2449 430 2514 serore,
457 2450 539 2514 quae
569 2429 653 2494 solet
682 2430 790 2494 uerbis
814 2430 942 2514 dooere,
969 2437 1026 2494 aut
1048 2429 1173 2495 neseiat
1195 2451 1325 2494 seruare

309 2518 456 2603 rnodum,
492 2519 584 2584 euius
622 2518 656 2582 in
693 2519 844 2583 omuibus
880 2518 1040 2584 humanae
1077 2521 1164 2584 uitae
1197 2519 1324 2584 actibus

309 2607 468 2672 terminos
497 2606 568 2691 ipsa
597 2607 775 2671 constituit
823 2629 925 2692 nequo
953 2609 1038 2673 enim
1064 2609 1109 2672 ita
1133 2607 1173 2672 ad
1197 2630 1325 2672 mensas

310 2695 413 2761 inuito
439 2696 679 2782 philosophiam
687 2748 695 2778 ,
717 2700 754 2760 ut
777 2719 839 2761 uon
865 2719 898 2760 so
923 2697 993 2781 ipsa
1018 2698 1211 2782 moderetur,
1234 2698 1325 2761 euius
1340 2723 1367 2762 eo

310 2785 481 2870 disciplina
514 2791 564 2849 est
598 2809 704 2849 reruni
739 2786 882 2849 omniurn
916 2787 1169 2850 moderationem
1202 2788 1324 2852 «locere.

280 2875 349 2939 ‘rut
373 2896 450 2958 ergo
476 2876 560 2938 inter
584 2878 615 2936 te
637 2879 670 2937 et
689 2873 834 2937 Vettium
854 2873 943 2937 uelut
963 2875 1110 2938 arbitrali
1130 2875 1325 2938 iudicatione

313 2982 509 3043 conponam,
547 2963 657 3043 aperio
692 2961 819 3043 quidem
852 2961 1077 3042 philosophiae
1110 2963 1324 3026 tricliniorum

312 3046 408 3128 seras,
428 3049 484 3111 sod
500 3047 644 3129 spondeo
660 3048 706 3109 sie
721 3048 957 3122 interfuturam,
972 3070 1011 3109 ne
1027 3069 1211 3111 mensuram
1226 3055 1324 3112 notae

313 3133 376 3197 sibi
401 3156 436 3197 ae
460 3135 676 3197 sectatoribus
700 3134 767 3196 suis
791 3134 1038 3215 dispensationis
1063 3135 1215 3198 excedat'.
1338 3157 1365 3196 aa

281 3226 301 3284 n
402 3221 491 3284 'thino
519 3221 635 3285 Furius
669 3221 756 3302 ‘quia
788 3227 818 3283 te
849 3221 991 3298 unicum,
1024 3221 1191 3285 Eustathi'
1219 3224 1325 3304 inquit

309 3307 518 3373 ‘sectatorem
543 3309 768 3392 philosophiae
788 3316 900 3372 nostra
920 3315 1010 3373 aetas
1030 3311 1114 3391 tulit,
1138 3314 1249 3374 oratus
1270 3311 1324 3391 sis,

311 3400 347 3461 ut
379 3399 509 3462 ruoilum
543 3398 812 3481 dispensationis,
845 3420 941 3480 quain
974 3398 1030 3461 das
1064 3399 1092 3461 ei
1126 3400 1324 3480 conuiuauti,

309 3486 405 3551 uobis
429 3488 498 3571 ipse
522 3486 721 3570 patct'aeias’.

277 3579 297 3639 tl
398 3575 443 3640 Et
463 3575 657 3639 Eustathius
681 3575 832 3659 ‘primuni
855 3575 915 3638 hoe
935 3597 1005 3638 eam
1026 3576 1092 3638 scio
1112 3580 1322 3659 seruatorem,
1336 3601 1363 3639 aa

310 3667 346 3730 ut
378 3688 486 3730 secum
520 3667 667 3729 aestimet
697 3667 914 3748 prraeseutiuru
944 3664 1074 3750 ingenia
1103 3667 1323 3748 conuiuarum,

307 3758 342 3818 et
369 3756 396 3819 si
424 3756 533 3840 plures
562 3757 683 3838 peritos
712 3755 762 3818 uel
793 3755 908 3819 saltem
934 3759 1094 3818 amatores
1119 3756 1168 3819 sui
1192 3756 1226 3818 ia
1250 3776 1323 3819 eon-

307 3843 388 3908 uiuii
421 3845 575 3908 societate
608 3845 800 3928 reppererit,
833 3866 1014 3907 sermonem
1050 3843 1087 3905 de
1119 3867 1152 3907 se
1181 3845 1324 3927 patietur

383 3989 391 3993 .
400 3988 503 3995 ----
512 3989 520 3994 -

379 4070 574 4123 trutlathiul
594 4070 627 4122 P'
709 4070 863 4138 symmachi,¹
884 4071 911 4122 P
989 4070 1326 4139 ephrloiopbrsmeaP

308 4145 342 4193 lt
360 4139 459 4193 unum
479 4141 578 4193 tatium
598 4142 625 4194 P
676 4138 851 4192 ttt'cohlP
898 4139 1045 4192 ruscea.
1068 4141 1094 4193 P
1140 4142 1325 4194 rineludP

306 4215 341 4264 2³
360 4214 497 4279 &ponam
517 4211 545 4264 P
597 4217 632 4264 30
651 4210 722 4263 hanc
742 4210 770 4262 P
821 4214 852 4261 ³1
874 4209 1029 4277 praetentas
1048 4210 1076 4262 P
