3442 5190
371 896 439 965 666
696 895 866 957 sonum
883 896 1061 958 ecmonus

373 1066 519 1235 aar?
533 1057 1264 1234 u33⁰¹333r¹¹12⁰⁰ussi2÷²³tassiiiw
1273 1062 1388 1218 „2¹33ssss

339 1169 548 1322 4properoi'
594 1235 673 1303 ‘nou
699 1240 751 1303 eat
776 1235 836 1303 itn'
862 1235 972 1321 inquit
994 1237 1058 1302 ille
1103 1234 1178 1315 ‘uiui
1201 1238 1287 1304 enim
1310 1259 1387 1305 enm

374 1324 452 1390 dena
474 1324 512 1404 ia,
535 1323 626 1390 onina
649 1323 712 1391 hoe
734 1328 799 1391 tem
824 1323 893 1391 lum
916 1329 968 1390 eat
990 1342 1086 1391 omne
1108 1322 1196 1411 quod
1214 1325 1395 1412 campinie,-

373 1412 445 1478 ietie
471 1415 505 1479 te
530 1412 676 1499 eorporis
700 1347 855 1480 euatuiiia
878 1411 1078 1496 humanatio,
1104 1411 1169 1479 hue
1189 1411 1252 1480 tibi
1274 1414 1384 1482 aditae
1413 1435 1429 1479 a

372 1503 485 1586 patere
520 1521 585 1568 non
622 1504 740 1587 potest„
793 1499 942 1568 homines
978 1501 1066 1568 enim
1100 1503 1177 1568 aaut
1211 1500 1274 1568 hae
1310 1501 1385 1590 lege

373 1589 536 1677 generati,
562 1589 617 1677 qui
644 1592 812 1658 tuerentur
840 1589 933 1656 illum
959 1588 1106 1677 globum,
1135 1611 1231 1677 quem
1257 1591 1292 1657 in
1320 1590 1384 1659 hue

372 1677 494 1765 templo
517 1679 659 1746 medium
681 1678 787 1766 uides,
809 1699 893 1766 quae
914 1684 1003 1746 terra
1025 1677 1154 1764 dieitur,
1175 1677 1293 1764 niaque
1315 1679 1383 1746 uni·

373 1789 445 1835 mna
467 1766 563 1836 deine
582 1770 634 1836 eei
651 1789 690 1835 ex
707 1767 773 1835 illia
792 1767 996 1855 sempiternis
1014 1767 1154 1854 ignibus,
1176 1789 1259 1855 qnae
1277 1768 1385 1837 eidem

374 1861 408 1924 et
430 1856 545 1925 atellae
568 1857 708 1942 neentis,
730 1880 813 1945 quae
858 1857 993 1926 loboene
1015 1863 1049 1924 et
1070 1857 1241 1944 rotundae,
1262 1857 1383 1925 diuinia
1398 1880 1429 1924 m

374 1946 537 2014 animatae
564 1945 727 2012 mentibus
755 1879 895 2013 emunim
921 1968 997 2014 enee
1024 1946 1182 2033 orbesque
1208 1946 1385 2014 conficiunt

345 2032 540 2106 oculorium
554 2032 703 2100 mirabili.
740 2055 838 2121 quere
852 2038 886 2101 ei
899 2035 969 2119 tibi,
987 2031 1093 2117 Publi,
1107 2038 1141 2101 et
1155 2035 1218 2121 piia
1232 2035 1383 2102 omnibu·

375 2121 562 2190 retinendus
585 2122 713 2189 animno
734 2125 786 2189 eat
802 2123 837 2190 in
856 2119 1004 2191 custodia
1021 2122 1166 2211 eorporis
1183 2143 1242 2191 neo
1259 2122 1385 2192 ininaeu

375 2209 457 2299 eiua,
489 2232 601 2300 aquo
628 2210 683 2278 ille
711 2215 763 2279 eei
789 2211 883 2279 nobie
910 2210 1020 2298 deine,
1052 2233 1089 2279 ex
1117 2211 1286 2279 hominum
1314 2212 1385 2281 uita

374 2298 580 2387 migrandum
611 2303 675 2386 eei,
705 2320 748 2366 ne
780 2321 898 2391 munna
928 2301 1106 2367 humanum
1135 2301 1338 2388 aenigmatum
1364 2318 1430 2369 am

375 2386 435 2455 deo
458 2387 622 2475 defugisse
643 2386 827 2456 uidenmini.
873 2387 931 2456 aad
954 2389 1001 2455 uio
1023 2386 1146 2473 Seipio,
1168 2392 1206 2455 ni
1227 2410 1308 2455 anua
1330 2388 1386 2457 hie

373 2479 458 2562 tune,
479 2480 518 2543 ni
540 2497 612 2563 ego,
633 2475 688 2562 qni
712 2481 745 2541 te
768 2475 875 2564 genui,
897 2475 1058 2542 iustitiam
1081 2476 1152 2543 nole
1169 2478 1204 2542 ei
1220 2477 1385 2562 pietatem,

373 2583 455 2650 quoe
481 2585 554 2631 oum
577 2583 697 2651 magna
718 2563 754 2629 in
774 2562 964 2649 parentibus
987 2568 1021 2630 et
1042 2563 1234 2651 propinquis
1255 2568 1326 2632 inm
1350 2564 1386 2631 in
1441 2574 1443 2577 ’

343 2651 480 2738 Spania
505 2652 647 2718 maxima
674 2654 733 2717 eat.
779 2673 818 2719 ea
844 2651 914 2719 uita
940 2652 994 2718 uin
1016 2655 1068 2718 eat
1089 2651 1124 2717 in
1147 2650 1272 2718 eaelum
1296 2657 1330 2718 ei
1350 2652 1384 2720 in

374 2740 459 2806 huno
477 2745 605 2807 coetum
624 2763 744 2825 eorum,
763 2740 818 2827 qui
833 2741 896 2806 iam
911 2740 1071 2825 unxerunt,
1089 2743 1122 2806 et
1136 2762 1270 2826 corpore
1283 2740 1385 2807 laxati
1398 2763 1427 2805 ee

372 2830 465 2894 illum
493 2831 639 2896 incolunt
665 2830 773 2896 looum
801 2852 897 2916 quem
927 2829 1027 2896 uidea'
1050 2866 1095 2877 —
1119 2835 1189 2895 erat
1217 2833 1325 2897 aniam
1355 2832 1384 2896 ie

373 2919 634 3004 splendidissimo
653 2921 791 2987 candore
808 2921 895 2986 inter
912 2921 1060 2986 flammae
1079 2920 1183 2987 oirona
1198 2920 1325 2987 elucens
1343 2957 1381 2968 -

373 3007 480 3096 ‘quem
504 3033 572 3096 nos,
594 3016 632 3076 ni
654 3032 674 3076 a
697 3009 791 3076 Graia
814 3011 994 3096 accepistis,
1018 3011 1129 3077 orbem
1148 3010 1287 3076 lacteum
1305 3032 1385 3075 nnn·

344 3098 520 3183 'ienpatia'
567 3120 605 3163 ex
633 3120 696 3183 qno
725 3100 834 3164 omniu
859 3098 941 3164 mihi
964 3099 1195 3183 contemplanti
1217 3099 1383 3183 praeclara

374 3192 480 3252 uetera
512 3192 544 3251 et
574 3188 739 3251 mirabilia
771 3186 964 3252 uidebantur
991 3223 1034 3233 -
1062 3190 1155 3250 erant
1186 3192 1294 3250 antem
1321 3207 1382 3251 aaa
1396 3205 1423 3246 aa

373 3274 500 3360 atellae,
528 3297 608 3359 quus
635 3296 813 3359 numquam
841 3296 880 3340 ex
908 3276 970 3340 hoe
995 3275 1067 3339 loco
1091 3273 1244 3358 uidimus,
1270 3277 1304 3338 et
1326 3295 1383 3340 eae

373 3363 611 3449 magnitudines
640 3363 799 3448 omnium,
828 3386 909 3449 qnae
932 3384 1002 3428 esse
1026 3383 1202 3447 numquam
1226 3362 1383 3447 auspicati

373 3473 498 3538 eumue,
533 3474 572 3518 ex
604 3452 721 3540 quibus
753 3455 824 3519 erat
855 3474 893 3519 ea
925 3452 1071 3537 minima,
1103 3472 1185 3536 qnae
1216 3450 1331 3517 ultima
1364 3473 1383 3516 a

444 3699 584 3768 lepinme
602 3699 630 3754 Β
685 3698 812 3769 3mqn1i
829 3698 871 3752 nia
887 3695 937 3752 alle
956 3697 984 3752 Β
1037 3716 1100 3755 oum
1118 3715 1168 3756 om.
1189 3697 1217 3752 P
1285 3700 1383 3769 opot-

373 3769 430 3824 eni-
452 3786 523 3827 eurr.
551 3787 584 3826 ex
610 3773 717 3842 petant
734 3771 762 3826 Β
856 3775 872 3825 ‘1
901 3774 983 3840 quea
1010 3772 1078 3841 (uid.
1101 3772 1188 3840 suinae
1212 3787 1260 3841 qni
1283 3769 1333 3839 est)
1358 3769 1387 3824 P

372 3845 388 3895 8
416 3841 509 3898 medio
538 3842 567 3897 P
679 3848 712 3898 10
739 3842 860 3916 ruiuudp
887 3848 919 3899 ut
945 3843 1004 3901 uid.
1033 3841 1068 3897 P‘
1180 3849 1212 3898 13
1239 3841 1327 3897 munio
1355 3841 1385 3896 Β

373 3918 407 3967 ιδ
434 3914 588 3969 humanum
615 3915 665 3970 del.
695 3915 826 3971 Haimiue
944 3918 977 3969 le
1005 3913 1120 3970 defuiss'e
1149 3915 1175 3969 Β
1202 3914 1249 3969 ine
1266 3930 1317 3969 om.
1345 3907 1383 3967 P'

373 3988 407 4038 20
426 3985 486 4061 cipi
504 3986 538 4054 Ρ,
559 3987 622 4060 apin
641 3986 670 4040 Β
732 3985 851 4041 relaxati
869 3986 897 4041 P
949 3990 980 4040 21
1002 3986 1129 4041 incolunt
1146 3986 1225 4040 illum
1244 3984 1336 4038 locum
1355 3984 1384 4038 Β

373 4059 406 4107 22
425 4054 522 4110 lucens
536 4056 564 4110 P
624 4063 659 4112 23
679 4056 814 4128 grag1rB
877 4062 911 4111 24
930 4072 1025 4112 omniu
1037 4056 1111 4111 mlul
1128 4054 1337 4124 contemplandi
1355 4054 1385 4107 Β

373 4128 661 4198 noeinepe'nroe.
680 4129 712 4183 iu
732 4127 766 4195 Ρ,
785 4128 820 4199 hp
839 4128 868 4182 Β
952 4133 986 4181 26
1005 4124 1084 4200 stellp
1103 4143 1154 4182 om.
1173 4124 1208 4180 P
1301 4140 1339 4180 a*
1365 4141 1384 4179 a

372 4194 607 4319 ιῖαςιιιῑυάιὲεΐ*
630 4198 658 4252 P
762 4202 796 4253 28
820 4215 853 4253 ex
873 4196 975 4265 quibus
990 4226 1023 4238 -
1043 4203 1109 4269 667,
1129 4202 1143 4250 1
1163 4195 1256 4251 ahena
1273 4211 1323 4251 eun

391 4271 511 4322 8aom.
