3322 5190
734 834 800 890 xvi
819 839 908 890 r-rs
1161 797 1166 807 ’
1265 834 1329 900 207

315 999 471 1064 contenta
501 996 560 1062 illa
591 994 754 1083 ingluuies
787 995 852 1061 fuit
883 996 982 1061 maris
1015 997 1066 1061 sui
1098 996 1211 1081 copiis.
1256 1018 1334 1062 nam

315 1085 482 1171 Optatus
496 1083 681 1190 praefectus
695 1084 821 1170 classis,
840 1085 945 1150 sciens
965 1106 1093 1150 scarum
1112 1088 1193 1150 adeo
1207 1085 1334 1151 Italicis

314 1174 481 1240 littoribus
499 1175 659 1258 ignotum,
682 1176 719 1238 ut
736 1194 797 1238 nec
814 1194 943 1238 nomem
963 1172 1116 1238 Latinum
1140 1174 1210 1239 eius
1233 1175 1333 1258 piscis

316 1262 504 1349 babeamus,
521 1262 743 1328 incredibilem
759 1284 924 1328 scarorum
941 1262 1182 1328 multitudinem
1198 1262 1334 1328 uiuariis

286 1354 454 1426 snauibus
482 1352 544 1417 huc
571 1351 742 1417 aduedam
769 1353 855 1417 inter
885 1349 1039 1417 Hostiam
1072 1356 1105 1418 et
1134 1350 1334 1437 Campaniae

317 1442 393 1507 litus
412 1442 447 1507 in
466 1463 554 1507 mare
573 1441 704 1526 sparsit,
727 1441 875 1527 miroque
895 1463 933 1508 ac
951 1463 1037 1507 nouo
1058 1442 1206 1527 exemplo
1226 1442 1332 1527 pisces

316 1532 350 1597 iu
377 1532 460 1597 mari
486 1535 655 1616 tamquam
682 1531 718 1597 in
746 1535 834 1596 terra
861 1533 971 1618 fruges
999 1532 1126 1618 aliquos
1149 1532 1334 1614 seminauit,

317 1621 478 1709 idemque,
506 1623 673 1708 tamquam
704 1643 831 1686 summa
858 1621 893 1686 in
921 1622 983 1686 hoo
1008 1621 1160 1687 utilitatis
1183 1621 1333 1706 publicae

317 1714 508 1796 uerteretur,
535 1710 755 1795 quinquennio
779 1710 869 1776 dedit
891 1731 1023 1795 operam
1047 1713 1099 1794 ut,
1122 1711 1224 1795 siquis
1248 1711 1333 1775 inter

283 1831 308 1871 ro
319 1801 396 1867 alios
428 1800 533 1885 pisces
566 1821 694 1865 scarum
726 1799 811 1865 forte
843 1800 996 1885 cepisset,
1028 1799 1224 1865 incolumem
1257 1821 1332 1864 con-

318 1889 420 1954 festim
445 1892 480 1953 et
501 1889 692 1954 inuiolatum
716 1889 798 1953 mari
821 1888 978 1954 redderet.

402 1977 487 2053 Quid
506 1981 672 2061 stupemus
692 1978 855 2060 captiuam
875 1977 963 2040 illins
984 1976 1105 2041 saecuti
1129 1976 1241 2062 gulam
1265 1996 1331 2040 ser·
1348 1979 1382 2041 ll

320 2064 400 2128 uisse
427 2066 523 2147 mari,
550 2086 622 2129 curn
650 2064 685 2127 in
712 2085 832 2148 magno
859 2064 912 2130 uel
940 2064 1045 2128 dicam
1074 2064 1215 2128 maximo
1245 2063 1331 2149 apud

320 2152 468 2238 prodigos
499 2153 624 2217 honore
655 2152 753 2217 luerit
784 2152 883 2216 etiam
912 2151 1122 2217 Tiberinus
1154 2152 1269 2236 lupus
1299 2154 1332 2215 et

291 2241 450 2309 somnino
478 2260 589 2305 omnes
617 2261 656 2303 ex
683 2238 746 2304 hoc
773 2240 861 2304 amni
888 2240 1015 2322 pisces?
1068 2238 1152 2322 quod
1181 2237 1330 2323 equidem
1343 2241 1383 2304 12

321 2348 371 2392 cur
403 2328 451 2393 ita
482 2327 550 2392 illis
581 2327 686 2392 uistrm
720 2328 763 2392 sit
794 2329 923 2413 ignoro,
955 2327 1055 2391 fnisse
1089 2330 1197 2391 autem
1231 2327 1330 2391 otiam

321 2414 357 2479 ll.
376 2415 502 2481 Venno
530 2416 686 2499 ostendit,
718 2416 773 2500 qui
802 2437 1007 2497 enumerans,
1039 2435 1122 2499 quae
1149 2416 1183 2479 iu
1212 2415 1330 2500 quibus

320 2503 433 2570 ltuliuc
465 2505 613 2590 portibus
646 2505 770 2589 optinui
803 2504 842 2569 ud
875 2505 997 2569 uicturu
1026 2505 1216 2589 gignantur,
1249 2503 1331 2589 pisci

320 2594 469 2661 Tiberino
493 2595 634 2680 palmam
658 2595 775 2660 tribuit
802 2594 853 2659 his
882 2593 990 2659 uerbis
1013 2592 1048 2658 iu
1072 2611 1178 2659 muno
1202 2592 1330 2658 ltsuvru

286 2701 536 2753 auvrrnuuuvu
568 2701 751 2750 vunucruo
794 2683 837 2748 sd
879 2685 1025 2749 uictum
1067 2682 1214 2767 optima
1254 2681 1332 2748 fert

317 2772 654 2927 ttizdtttttt
678 2770 1168 2926 vltttttttt’dtt‘tu
1186 2771 1331 2923 ‘llil'

317 2950 432 3034 tinus,
465 2950 609 3033 piscem
642 2912 807 3014 'liberis
858 2948 939 3014 haec
967 2909 1074 3013 Varrd
1108 2947 1147 3011 de
1179 2947 1383 3013 omnibusl3

317 3037 438 3103 scilicet
456 3037 552 3102 huius
571 3038 713 3103 fluminis
733 3038 886 3123 piscibus,
909 3038 964 3102 sed
985 3038 1068 3101 iuter·
1087 3058 1153 3121 eos,
1175 3039 1331 3121 utsupra

280 3127 391 3212 saliri,
419 3128 629 3214 praecipuum
658 3128 763 3194 locurn
793 3128 906 3212 lupus
935 3128 1053 3211 tonuit,
1083 3125 1268 3211 etquidem
1294 3126 1331 3212 is,

315 3219 367 3303 qui
389 3218 493 3284 inter
517 3218 610 3284 duos
638 3223 775 3303 pontes
799 3223 934 3302 coptus
958 3221 1051 3282 esset.
1097 3216 1130 3280 id
1154 3216 1331 3282 ostendunt
1344 3217 1404 3295 14.

315 3330 384 3373 cum
404 3308 499 3373 multi
521 3308 578 3373 alii
602 3310 671 3372 turn
696 3306 1001 3391 etiamO.T1r1vs,
1025 3306 1075 3369 uir
1099 3306 1218 3370 aetatis
1237 3304 1331 3371 Luci·

315 3396 432 3480 lionae,
465 3398 498 3461 in
530 3414 723 3480 onnrroun,
756 3414 826 3474 ovs
857 3413 977 3461 usosu
1008 3394 1173 3458 Fssuuu
1201 3410 1331 3459 svusrr.

315 3485 403 3551 cuius
436 3485 537 3550 uerba
572 3484 645 3550 ideo
682 3506 783 3569 pono,
819 3484 896 3570 quia
932 3505 998 3549 non
1032 3482 1137 3547 solum
1170 3481 1210 3546 de
1243 3482 1331 3567 lupo

384 3657 419 3709 28
437 3669 464 3722 p.
485 3657 536 3707 16⁷
551 3651 651 3720 fragm.
672 3664 712 3707 or.
732 3651 811 3707 Rom.
831 3651 875 3706 cd.
895 3650 990 3718 Meyer
1009 3648 1162 3719 (Duebner)

319 3746 462 3755 —un--u—
485 3746 506 3753 .-

384 3803 469 3857 1rlla
487 3800 616 3871 *ssll'
683 3797 739 3852 furt
756 3815 807 3854 our.
823 3797 859 3853 P'
930 3798 1015 3852 rnarrl
1029 3796 1071 3851 lui
1089 3813 1158 3852 corr.
1173 3799 1206 3850 in
1219 3796 1336 3850 mannil

315 3870 368 3926 uns
381 3875 413 3928 in
426 3874 454 3927 B
526 3878 543 3926 2
562 3871 678 3941 optatos
699 3869 841 3925 Ostorius:
861 3868 984 3938 optarius
999 3868 1035 3933 B,
1055 3864 1154 3935 optur’n
1174 3867 1202 3920 Ρ
1273 3865 1332 3921 lca-

315 4010 373 4047 mm
391 3995 421 4049 s
474 3993 605 4049 rancus
624 3992 652 4046 Ρ
704 3989 914 4046 siconolfo
970 3955 1145 4045 rrdromm
1164 3989 1191 4042 s
1246 3987 1331 4041 sau-

316 4067 395 4119 uccta
413 4066 442 4120 B
488 4071 522 4119 10
540 4063 668 4133 coepistis
687 4063 848 4118 incolumen
867 4062 894 4115 B
941 4066 974 4115 1⁶
994 4078 1070 4116 omni
1088 4059 1123 4113 B‘
1173 4064 1204 4113 17
1223 4057 1335 4111 marcus

317 4133 369 4189 BP
424 4142 459 4191 20
477 4137 565 4190 refert
583 4136 610 4191 B
670 4139 703 4187 22
723 4132 831 4187 casinas
846 4133 903 4187 BP
957 4136 992 4186 26
1011 4131 1056 4185 hri
1071 4132 1099 4185 P
1150 4135 1184 4184 26
1202 4132 1237 4197 ῲ
1256 4127 1286 4183 rd
1305 4127 1333 4182 P

317 4210 348 4261 27
367 4212 511 4262 esttecum
530 4223 598 4263 cras.
618 4223 682 4260 cum
703 4206 735 4260 in
752 4204 780 4262 P
831 4202 909 4274 gsiut
929 4203 986 4258 BP
