3322 5190
273 682 318 749 46
669 680 745 738 ΕΔΤ.
763 680 862 738 LIBRI
879 681 893 735 I

274 844 375 910 fuisse
403 847 437 909 et
462 866 527 909 non
555 845 619 908 nisi
642 848 759 928 quarto
783 843 906 907 decimo
930 841 1150 908 Kalendarum
1173 841 1290 908 Ianua·

274 932 396 998 riarum
424 932 595 997 celebrata
642 953 706 1015 quo
733 931 805 996 sola
833 931 885 995 die
911 929 997 1014 apud
1020 930 1131 995 aedem
1156 926 1290 996 Saturni

275 1019 426 1086 conuiuio
446 1020 606 1085 dissoluta
625 1018 661 1084 Io
682 1016 867 1084 Saturnalia
886 1018 1123 1101 clamitabatur,
1146 1019 1201 1103 qui
1220 1019 1290 1084 dies

275 1129 361 1174 nune
374 1107 533 1195 Opalibus
552 1109 636 1174 inter
651 1106 838 1173 Saturnalia
856 1109 1039 1192 deputatur,
1059 1108 1291 1190 cumprimum

224 1194 415 1272 19Saturuo
439 1199 561 1283 pariter
583 1202 616 1264 et
633 1197 696 1281 Opi
716 1197 814 1262 fuerit
833 1197 1024 1282 adscriptus.
1059 1196 1158 1261 bano
1181 1201 1291 1261 autem
1321 1251 1332 1264 ,Δ

273 1287 380 1351 deam
413 1286 529 1372 Opem
567 1284 726 1351 Saturni
763 1285 967 1372 coniugem
1004 1285 1222 1371 erediderunt,
1259 1291 1294 1350 at

274 1375 358 1441 ideo
382 1375 454 1443 hoa
477 1397 603 1442 mense
627 1374 853 1441 Saturnalia
879 1378 1047 1458 itemque
1071 1372 1209 1459 Opalia
1233 1397 1293 1438 oe·

274 1464 433 1545 lebrari‚
461 1465 563 1549 quod
587 1462 776 1530 Saturnus
805 1466 963 1550 eiusque
990 1485 1085 1529 uror
1112 1469 1187 1529 tam
1212 1463 1292 1528 fru-

274 1574 361 1640 gum
384 1577 495 1640 quam
516 1556 710 1621 fruetuum
732 1558 954 1640 repertores
973 1574 1056 1619 esse
1074 1553 1292 1618 ereduntur.

274 1645 408 1728 itaque
431 1644 534 1709 omni
556 1644 629 1709 iam
650 1644 732 1709 fetu
752 1665 929 1728 agrorum
949 1647 1085 1708 conato
1105 1644 1150 1708 ab
1170 1641 1292 1707 bomi—
1307 1673 1332 1710 a

274 1731 389 1797 nibus
408 1731 479 1797 hos
498 1732 590 1797 deos
609 1732 687 1797 ooli
706 1731 816 1816 quasi
835 1733 939 1797 uitae
958 1731 1140 1797 enltioria
1160 1733 1293 1795 aueto-

223 1827 346 1892 20res.
391 1841 487 1903 quos
515 1820 631 1884 etiam
659 1841 733 1883 non
761 1819 881 1883 nullis
908 1820 1054 1883 eaelum
1083 1838 1125 1882 aa
1146 1820 1292 1882 terram

276 1928 360 1971 ease
406 1928 633 1990 persuasum
675 1928 777 1986 asse,
818 1903 1100 1989 Saturnumque
1141 1928 1161 1970 a
1202 1908 1291 1970 satu

274 1994 433 2079 ‹liotnm,
470 1997 579 2059 auius
612 2017 728 2059 eausa
759 1992 801 2058 de
834 1996 941 2059 eaelo
974 1998 1045 2076 est,
1077 1998 1115 2058 et
1146 1998 1291 2058 terram

275 2080 392 2167 Opem
416 2083 524 2147 ouius
549 2106 619 2168 ope
642 2083 830 2148 humanae
848 2084 954 2147 uitae
973 2083 1333 2165 alimentaquae·1a

274 2174 426 2251 rantur,
451 2171 511 2234 uel
536 2171 580 2234 ab
604 2192 731 2254 opere,
755 2191 822 2252 per
845 2169 948 2252 quod
968 2169 1121 2233 fruetus
1140 2168 1291 2253 fruges-

221 2258 261 2321 21
275 2279 346 2341 que
370 2262 597 2323 naseuntur.
634 2257 711 2322 huia
734 2256 812 2320 deae
835 2256 984 2321 audentea
1008 2263 1086 2321 uota
1105 2257 1293 2338 concipiunt

274 2350 458 2428 terramque
486 2345 525 2410 de
553 2344 713 2410 industria
737 2349 880 2428 tangunt
903 2344 1162 2408 demonstrantes
1185 2343 1291 2426 ipsam

275 2437 411 2497 matrem
435 2436 556 2498 terram
580 2456 651 2499 esse
675 2432 868 2498 mortalibus
892 2432 1115 2517 adpetendam.

221 2521 265 2586 22
363 2518 615 2588 Pulnocuoavs
653 2521 820 2588 Saturna
860 2525 897 2586 et
933 2521 1004 2607 Opi
1046 2521 1208 2606 primum
1251 2521 1331 2587 ineo

274 2609 409 2676 Attica
437 2612 625 2677 statuisse
654 2634 757 2677 aram
782 2610 987 2697 Cecropem
1012 2610 1121 2695 dicit,
1147 2632 1290 2697 eoaque

274 2700 363 2765 deos
383 2722 450 2786 pro
478 2701 569 2767 Ioue
588 2706 769 2788 terraque
788 2700 969 2785 caluisse,
987 2701 1290 2785 instituisaaqae

274 2794 315 2855 ut
342 2797 477 2877 patres
504 2791 737 2857 familiarum
761 2795 797 2856 at
825 2792 1004 2877 frugibus
1031 2795 1068 2858 et
1096 2791 1291 2858 fructibus

274 2880 347 2944 iam
385 2881 533 2945 coactis
569 2881 713 2965 passim
751 2904 832 2945 oum
870 2881 993 2945 seruis
1026 2884 1289 2964 nascerentur,

275 2987 358 3031 enm
382 2967 520 3052 quibus
545 2970 775 3052 patientiam
795 2969 944 3033 laboris
963 2968 1001 3031 in
1021 2968 1182 3032 colenda
1201 2989 1289 3033 rura
1303 2987 1330 3030 ra

274 3055 550 3120 tolerauerant.
588 3057 775 3122 delectari
799 3058 896 3120 enim
920 3056 1027 3121 deum
1045 3055 1189 3120 honora
1209 3077 1288 3121 ser-

274 3164 407 3206 uorum
440 3145 705 3228 contemplatu
739 3145 896 3209 laboris.
948 3144 1024 3209 bino
1056 3148 1107 3208 est
1134 3143 1220 3227 quod
1249 3165 1289 3210 ex

274 3231 426 3382 ifastituto
465 3233 634 3317 peregrino
666 3232 742 3297 huia
773 3232 832 3297 deo
865 3253 992 3298 sacrum
1029 3237 1142 3316 aperto
1181 3233 1289 3317 eapite

288 3340 419 3385 aarmus.

219 3407 262 3472 23
363 3408 501 3474 Abunde
520 3409 585 3474 iam
605 3411 760 3494 probasse
779 3431 839 3475 nos
858 3410 995 3474 aestimo
1015 3406 1201 3474 Saturnalia
1219 3431 1286 3476 uno
1301 3430 1329 3471 aa

346 3621 358 3669 l
381 3615 458 3670 Xllll
482 3618 510 3671 P
561 3625 577 3671 3
597 3617 626 3673 Io
641 3617 802 3672 Saturnalia
815 3616 1015 3671 clamitabulur
1030 3617 1145 3672 (labetur
1163 3618 1288 3676 Mnemo-

271 3703 350 3756 ayaea
373 3691 456 3752 1379,
474 3693 521 3741 43:
549 3689 709 3743 Saturnalia
731 3688 950 3743 clamitabantur
972 3690 1071 3744 ouueao
1089 3687 1119 3741 Io
1143 3688 1230 3757 (BP)

272 3755 440 3825 supanbus
452 3756 486 3811 B'
540 3759 711 3829 baicmptul
722 3760 749 3813 P
804 3765 833 3813 11
854 3759 1020 3813 cultioribus
1035 3759 1070 3813 Β
1128 3767 1160 3813 13
1174 3761 1287 3828 perluu-

271 3826 328 3880 snm
349 3827 389 3882 aa
408 3827 455 3896 (P)
516 3836 548 3884 16
568 3847 650 3898 opere
665 3849 682 3887 e
696 3847 746 3899 *p
801 3836 833 3885 19
853 3848 871 3885 a
888 3833 986 3900 (surpra
1004 3848 1022 3885 a
1040 3847 1146 3886 erenum
1165 3835 1194 3899 v)
1213 3849 1286 3886 rnor-

270 3897 376 3951 talrbus
395 3899 582 3968 appetendam
606 3902 634 3955 P
649 3901 848 3972 (appetendam
872 3904 954 3958 eliam
972 3902 999 3970 b)
1072 3908 1107 3955 20
1145 3901 1292 3957 brlocorus

270 3968 331 4022 BP
386 3975 418 4024 21
439 3986 577 4041 ereropam
596 3971 656 4027 BP
713 3977 747 4027 22
766 3975 874 4043 patrem
893 3968 928 4025 B'
989 3973 1104 4044 lrnlgib3
1124 3919 1147 4026 d
1167 3973 1285 4041 lruot1b;

267 4045 378 4108 praeter
394 4043 475 4110 priua
493 4041 536 4097 lrn
555 4045 586 4098 in
604 4060 659 4098 raa.
679 4045 710 4098 iu
729 4043 757 4096 P
