3442 5190
725 768 763 822 ru
784 773 888 823 n-us
1271 769 1313 834 51

392 927 437 994 Et
464 951 504 994 ne
528 929 679 994 aestimes
703 927 744 993 ab
767 949 833 994 uno
856 928 951 993 facile
975 929 1073 994 celari
1096 951 1194 1013 posse
1218 932 1374 996 secte-18

306 1021 384 1103 tum,
397 1018 607 1083 Labienum
622 1039 684 1102 ope
699 1017 891 1083 libertorum
908 1016 1065 1082 latentem
1080 1022 1117 1082 ut
1132 1017 1320 1103 indicarent,

305 1107 412 1172 liberti
434 1107 525 1172 nullo
548 1109 787 1171 tormentorum
811 1127 929 1193 genere
953 1106 1111 1191 compulsi
1136 1112 1221 1172 sunt.

392 1195 442 1261 Ac
477 1195 592 1279 nequis
628 1195 765 1259 libertos
798 1195 885 1259 dicat
916 1193 1000 1260 hune
1033 1195 1130 1259 iidem
1163 1195 1318 1262 beneficio

277 1310 289 1349 s
304 1285 412 1369 potius
428 1284 589 1350 libertatis
604 1288 755 1370 acceptae
771 1306 869 1368 quam
883 1283 1015 1369 ingenio
1030 1283 1189 1369 debuisse,
1208 1285 1318 1371 accipe

304 1374 389 1439 serui
417 1374 451 1439 in
478 1374 644 1440 dominum
675 1372 911 1459 benignitatem
939 1395 1012 1438 eum
1040 1373 1110 1458 ipse
1139 1396 1159 1439 a
1185 1373 1316 1440 domino

302 1463 479 1549 puniretur.
529 1461 687 1528 Antium
720 1463 808 1528 enim
835 1461 1061 1527 Restionem
1095 1463 1314 1547 proscriptum
1328 1465 1369 1529 19

304 1554 469 1637 solumque
492 1556 587 1618 nocte
606 1552 783 1638 fugientem
803 1551 1030 1635 diripientibus
1049 1550 1136 1616 bona
1154 1552 1223 1618 eius
1243 1554 1317 1619 aliis

303 1662 414 1706 seruus
447 1641 649 1726 compeditus
682 1642 838 1726 inscripto
869 1641 991 1725 fronte,
1023 1664 1095 1707 eum
1123 1645 1201 1725 post
1229 1642 1317 1707 dam·

266 1731 469 1795 renationem
506 1730 628 1794 domini
665 1730 770 1794 aliena
807 1732 892 1795 esset
927 1729 1151 1795 misericordia
1183 1732 1317 1815 solutus,

302 1818 480 1903 fugientem
507 1822 693 1902 persecutus
721 1822 772 1884 est
798 1820 1025 1904 hortatusque,
1055 1840 1096 1883 ne
1126 1841 1160 1884 se
1189 1819 1319 1885 timeret

301 1909 456 1972 scientem
475 1907 703 1972 contumeliam
724 1929 818 1972 suum
832 1906 984 1971 fortunae
999 1906 1222 1991 imputandam
1238 1930 1317 1989 esse,

300 2018 365 2061 nou
393 1996 539 2079 domino,
566 1996 776 2080 abditumque
805 1995 987 2060 ministerio
1015 2018 1074 2061 suo
1103 1995 1194 2060 aluit.
1243 1997 1371 2062 cum20

301 2084 413 2149 deinde
445 2087 674 2170 persequentes
708 2085 820 2150 adesse
852 2087 1022 2167 sensisset,
1059 2105 1183 2168 senem,
1219 2107 1315 2170 quem

264 2193 288 2233 rs
302 2195 394 2238 cesus
418 2173 547 2257 obtulit,
570 2174 731 2258 iugulanit
753 2176 786 2237 et
809 2173 842 2237 iu
866 2175 1086 2238 constructum
1108 2194 1223 2256 pyram
1242 2196 1314 2239 con·
1369 2252 1370 2255 Ἴ

300 2261 383 2327 iecit.
421 2284 487 2347 qua
510 2284 645 2326 accensa
663 2262 803 2328 occurrit
821 2262 877 2342 eis,
900 2260 954 2344 qui
973 2259 1162 2325 Restionem
1182 2283 1315 2345 quaere-

300 2351 389 2431 bant,
407 2351 517 2416 ‹liecns
537 2350 726 2415 damnatum
746 2349 810 2414 sibi
829 2371 949 2435 poenes
968 2349 1067 2414 luisse
1086 2350 1191 2416 multo
1208 2351 1315 2418 acrius

301 2463 321 2505 a
339 2462 373 2505 se
391 2445 553 2524 uexatum,
572 2463 668 2526 quam
687 2441 757 2524 ipse
777 2442 918 2522 nexerat,
936 2441 971 2503 et
989 2438 1050 2504 fide
1069 2437 1185 2504 habitu
1202 2438 1314 2508 Restio

300 2530 457 2594 liberatus
481 2533 540 2594 est.

262 2641 288 2679 ro
390 2617 618 2703 Caepionem
637 2640 774 2703 quoque,
792 2617 848 2702 qui
866 2617 901 2680 iu
920 2616 1060 2700 Augusti
1080 2638 1191 2681 necem
1211 2617 1366 2684 fuerat21

301 2708 473 2790 animatus,
495 2710 668 2790 postquem
690 2706 817 2770 detecto
836 2705 956 2770 scelere
975 2704 1147 2769 damnatus
1167 2709 1227 2784 est,
1250 2729 1315 2772 ser·

301 2818 358 2859 uus
381 2795 421 2859 ad
435 2795 578 2858 Tiberim
597 2795 631 2857 in
650 2794 734 2858 cista
751 2793 875 2870 detulit,
894 2796 1146 2876 peruectumque
1160 2793 1314 2859 Hostiam

299 2881 372 2946 inde
399 2883 434 2946 iu
461 2903 575 2965 agrum
599 2881 794 2945 Laurentem
824 2878 864 2942 ad
888 2880 992 2961 patris
1016 2881 1129 2944 uillam
1152 2887 1313 2947 nocturno

298 2971 412 3034 itinere
431 2969 588 3053 perduxit.
626 2967 737 3034 Cumis
757 2965 871 3030 deinde
894 2967 1116 3050 nauigationis
1140 2969 1312 3054 naufragio

260 3077 285 3116 es
299 3080 361 3122 una
380 3059 547 3141 expulsum
567 3057 733 3122 dominum
748 3053 887 3139 Neapoli
905 3055 1148 3120 dissimulanter
1162 3057 1313 3142 occuluit,

298 3151 513 3231 exceptusque
545 3168 565 3208 a
596 3145 782 3211 centurione
815 3165 874 3208 nec
906 3143 1011 3228 pretio
1044 3165 1103 3209 nec
1135 3144 1246 3228 minis,
1277 3148 1315 3209 ut

298 3234 462 3300 dominum
486 3233 646 3319 proderet,
668 3232 777 3316 potuit
800 3231 926 3296 adduci.

384 3321 521 3388 Asinio
537 3321 636 3387 etiam
651 3320 830 3385 Pollione
845 3318 960 3384 acerbe
975 3321 1111 3403 cogente
1126 3317 1312 3406 Patauinos,
1322 3319 1367 3384 22

298 3413 334 3475 ut
360 3411 529 3495 pecuniam
557 3414 591 3474 et
619 3431 709 3474 arma
733 3408 931 3489 conferrent,
959 3407 1163 3493 dominisque
1186 3409 1229 3473 ob
1252 3408 1314 3474 hoe

259 3518 285 3556 ω
299 3500 473 3565 latentibus
497 3498 641 3583 praemio
665 3498 768 3563 seruis
790 3519 865 3562 eum
886 3497 1038 3560 libertate
1057 3497 1236 3582 proposito,
1258 3498 1313 3582 qui

297 3588 444 3655 dominos
482 3609 559 3653 suos
597 3587 785 3672 proderent,
823 3588 954 3651 constat
987 3606 1155 3650 seruorum
1187 3587 1313 3652 nullum

297 3680 418 3744 uictum
440 3678 586 3762 praemio
611 3677 777 3742 domiuum
801 3674 991 3760 prodidisse.

367 3853 533 3907 tdomeruo
551 3853 621 3921 (uid.
640 3851 767 3918 fuissen)
781 3850 810 3904 B
864 3854 1013 3904 lancium
1028 3848 1056 3903 P
1108 3852 1311 3919 adspiratione

295 3924 323 3978 P
375 3928 406 3978 11
427 3923 559 3993 sequutus
574 3924 603 3979 P
656 3927 688 3977 lt
708 3920 812 3991 optulit
827 3921 855 3974 P
905 3937 996 3989 piram
1014 3919 1076 3975 BP
1127 3927 1160 3976 16
1174 3920 1313 3993 querebat

295 3991 329 4048 B
393 3999 424 4049 17
444 3994 571 4066 dripnatr'r
592 3995 620 4048 P
681 3992 769 4067 penas
782 3991 811 4046 P
875 3996 907 4046 18
926 3992 1079 4048 uexauerct
1097 3992 1126 4047 P
1186 3995 1220 4045 2ο
1239 3990 1262 4044 fr
1279 3994 1313 4047 in

297 4066 560 4122 luctationem
578 4065 607 4119 P
676 4071 709 4119 21
730 4061 901 4133 dampnatus
918 4063 946 4116 P
1013 4068 1047 4116 23
1065 4078 1095 4117 nr
1115 4081 1164 4120 om.
1184 4061 1212 4114 P
1277 4067 1311 4117 24

299 4138 390 4192 eunde
410 4136 444 4193 de
462 4137 654 4207 nauigationis
671 4137 699 4190 P
750 4139 785 4189 25
804 4133 1012 4190 dissimulantur
1032 4131 1068 4187 R

1043 4221 1081 4276 ⁴*
