3322 5190
674 854 700 908 V
719 859 824 910 lt-l'l
853 855 893 909 Vl
913 861 981 915 1.-7
1290 858 1335 923 23

320 1014 530 1081 Auienus-
552 1019 590 1081 ut
612 1016 641 1081 ei
663 1017 893 1102 interpellandi
917 1039 989 1083 moe
1013 1020 1083 1084 erat
1108 1054 1147 1066 ·-
1174 1016 1258 1085 ‘cum
1283 1042 1333 1086 ea·

320 1127 408 1170 crum
430 1103 524 1170 mihi’
550 1106 598 1172 ait
625 1104 673 1173 ‘ae
702 1107 750 1171 rei
778 1107 929 1192 publicae
955 1128 1090 1192 nomen,
1117 1106 1334 1196 Praetextata,

319 1198 409 1259 tuam
432 1194 518 1260 inter
539 1195 699 1262 uocabula
722 1195 842 1261 diuersi
866 1196 999 1262 habitae
1021 1197 1133 1282 refers,
1157 1197 1333 1265 admoneor

319 1304 383 1347 non
402 1283 553 1368 ludicrae,
576 1289 613 1349 at
631 1285 778 1366 aestimo,
798 1285 1007 1371 quaestionis.
1037 1307 1112 1352 eam
1131 1286 1218 1351 enim
1236 1289 1333 1354 uesti-

296 1376 369 1436 etas
393 1374 489 1459 togae
511 1373 562 1438 uel
591 1375 723 1439 trabeae
750 1396 809 1439 seu
832 1374 1056 1459 paludamenti
1083 1376 1210 1441 nullam
1234 1375 1273 1442 de
1297 1398 1332 1443 es

319 1463 440 1546 proprii
463 1462 603 1528 neminie
626 1485 721 1528 usam
744 1463 874 1549 fecerit,
897 1485 1017 1548 quaero
1041 1465 1100 1530 abe
1128 1466 1161 1530 te
1190 1486 1247 1530 eur
1268 1466 1332 1532 hoc

318 1550 355 1615 de
384 1551 455 1616 eolo
487 1555 675 1635 praetextae
703 1551 818 1617 habita
851 1552 1058 1637 usurpauerit
1084 1554 1247 1638 uetustae,
1274 1559 1332 1618 aut

318 1637 391 1703 haic
420 1640 543 1705 nomini
570 1661 652 1724 qaae
680 1639 774 1726 origo
802 1639 1009 1726 contigerit?
1037 1641 1123 1706 inter
1151 1641 1231 1706 haec
1254 1626 1363 1706 nui-4

318 1727 368 1790 eni
382 1725 470 1792 dicta
484 1727 658 1794 Flauianus
673 1732 706 1793 et
719 1727 924 1813 Eustathias,
943 1751 1002 1813 par
1015 1729 1145 1813 insigne
1158 1728 1332 1814 amicitiae,

285 1837 354 1881 aaa
380 1815 517 1882 minimo
543 1820 619 1901 post
646 1816 808 1883 Eusebiae
836 1818 976 1904 ingressi
1005 1817 1197 1884 alacriorem
1226 1818 1331 1884 fecere

317 1908 453 1989 coetum,
475 1909 671 1990 acceptaque
693 1928 731 1972 ao
750 1906 876 1972 reddita
894 1907 1094 1972 salutatione
1113 1905 1331 1973 consederunt

317 1997 544 2078 percontantes
562 1994 715 2080 quidnam
730 1995 930 2061 offenderint
944 1994 1232 2061 sermocinationis.
1260 1999 1329 2061 tum

317 2079 446 2147 Vettius
491 2081 723 2169 ‘peroportaue
764 2082 928 2150 adfuistie’
969 2084 1077 2170 inquit
1119 2083 1361 2153 ‘adsertoremd

317 2172 491 2252 quaerenti.
536 2175 648 2236 mouet
670 2173 755 2237 enim
779 2173 860 2237 mihi
884 2173 1030 2238 Auienus
1053 2175 1165 2238 noster
1187 2173 1328 2238 nominis

286 2258 538 2343 requaeetionem
563 2263 597 2324 et
619 2261 666 2324 ita
689 2261 849 2345 originem
874 2261 943 2325 eius
967 2260 1137 2346 efflagitat,
1160 2262 1328 2346 tamquam

316 2346 393 2411 fides
422 2347 464 2412 ab
491 2369 531 2412 eo
559 2348 690 2432 generis
718 2348 876 2435 exigenda
904 2348 956 2414 sit.
1010 2371 1086 2414 nam
1115 2369 1188 2414 cum
1215 2349 1327 2415 nullas

316 2435 358 2501 ait
381 2437 436 2522 qai
461 2438 642 2522 appelletur
666 2460 725 2504 suo
753 2438 884 2503 nomiae
907 2439 959 2503 ael
983 2441 1116 2524 togatus
1140 2439 1192 2504 ael
1221 2439 1326 2505 trabe·

316 2527 390 2590 atae
413 2525 465 2590 uel
488 2527 675 2612 paludatae,
698 2549 755 2594 car
777 2531 1001 2612 praetextatae
1024 2549 1145 2594 nomen
1167 2527 1327 2594 habeatur

314 2615 461 2699 postulat
486 2616 521 2681 in
552 2617 694 2682 medium
721 2617 869 2702 proferri.
918 2617 974 2683 eed
1003 2621 1037 2683 et
1064 2639 1137 2683 cam
1164 2617 1253 2702 poeti
1280 2617 1356 2685 ina

282 2703 471 2789 ascriptam
493 2705 538 2769 sit
559 2704 712 2790 Delphici
735 2705 859 2791 templi,
882 2707 1032 2771 etunius
1056 2727 1073 2770 e
1096 2727 1231 2771 numero
1255 2727 1326 2816 sep-

313 2795 379 2857 tem
394 2793 588 2877 sapientiam
601 2793 713 2859 eadem
729 2794 852 2859 sitista
871 2796 1033 2859 sententia
1047 2795 1158 2876 γνῶθι
1173 2811 1326 2878 creoceo,

314 2879 390 2962 quid
404 2882 439 2944 in
460 2902 511 2945 me
524 2882 649 2946 nescire
664 2881 886 2946 aestimandae
900 2903 982 2966 sam,
1000 2883 1028 2947 si
1047 2903 1167 2947 nomen
1185 2881 1324 2968 ignoro?

312 2968 401 3033 cuius
424 2967 506 3033 mihi
527 2991 614 3035 nanc
637 2974 671 3036 et
693 2970 785 3056 origo
809 2974 843 3035 et
864 2992 963 3036 cauea
986 2969 1121 3035 dicenda
1144 2973 1203 3039 eet.

399 3056 513 3123 Tullus
550 3057 726 3139 Hostiliae,
762 3081 819 3124 rex
851 3059 1072 3126 Romanorum
1104 3060 1236 3144 tertiae,
1268 3058 1352 3127 del

280 3145 442 3214 rebellatis
460 3146 609 3215 Etruscis
633 3149 747 3214 sellam
771 3149 917 3214 curulem
936 3149 1130 3233 lictoresque
1154 3151 1188 3213 et
1209 3151 1323 3233 togam

313 3235 432 3318 pictam
452 3240 550 3322 atqae
567 3241 785 3321 praetextam,
809 3260 891 3323 qaae
910 3236 1052 3322 insignia
1071 3238 1323 3321 magistratuum

312 3321 523 3389 Etruscorum
551 3329 658 3409 erant,
683 3326 808 3410 primus
837 3329 874 3390 at
901 3325 1025 3391 Itomae
1052 3324 1251 3390 haberentur
1277 3324 1324 3390 in-

313 3410 427 3479 stituit.
469 3411 525 3476 sed
544 3417 747 3497 praetextam
766 3414 825 3478 illo
845 3414 974 3478 saeculo
994 3413 1130 3498 puerilia
1148 3435 1214 3478 non
1232 3434 1323 3477 usur·

312 3499 412 3582 pabat
442 3503 545 3566 aetas:
575 3506 646 3568 erat
675 3503 763 3567 enim
795 3505 833 3567 at
865 3504 984 3586 cetera,
1014 3524 1096 3587 qaae
1128 3501 1324 3586 enameraui,

379 3729 590 3784 tensthatlual
604 3729 633 3783 B
694 3730 821 3799 rnsrgnae
838 3729 867 3783 Β
923 3733 956 3783 1e
976 3728 1089 3784 adiurit-r
1115 3729 1207 3798 rnqart
1225 3730 1262 3798 Β,
1280 3747 1322 3784 rn-

311 3801 372 3866 qurt
392 3799 511 3854 aliurltrl
530 3800 558 3854 P
628 3799 802 3856 adsertorem
823 3805 856 3856 at
877 3799 938 3855 aid.
955 3796 991 3853 a
1067 3803 1099 3853 lt
1118 3801 1264 3869 tamquam
1288 3830 1321 3840 -

312 3874 343 3922 lo
361 3886 427 3923 nam
446 3871 477 3925 ia
495 3887 550 3925 rae.
570 3871 598 3925 P
661 3872 790 3940 exigatur
808 3871 837 3924 P
902 3874 935 3925 17
955 3886 972 3922 a
992 3869 1116 3941 pellatur
1134 3871 1163 3925 P
1233 3875 1265 3924 18
1285 3871 1323 3926 ad

310 3955 358 3992 cur
375 3941 441 3998 cdd.
459 3943 473 3994 1
490 3941 557 3996 crit
621 3946 654 3995 11)
673 3945 702 3996 et
719 3958 770 3998 om.
790 3941 818 3995 B
879 3948 914 3996 20
932 3888 1025 3996 delllcr
1043 3942 1105 3995 BP
1166 3941 1322 4011 sapientam

310 4010 337 4064 P
377 4016 412 4065 11
431 4015 511 4081 gnoti
525 4013 552 4068 le
568 4012 573 4083 l
588 4014 674 4068 auton
689 4013 725 4080 Β,
745 4013 850 4083 gnothe
864 4013 951 4067 auton
966 4013 994 4066 P
1036 4018 1071 4066 22
1085 4011 1190 4067 nescire
1208 4013 1320 4082 scripsi:

311 4080 377 4136 ferre
392 4084 419 4137 B
439 4125 448 4150 ,
465 4100 515 4139 om.
530 4084 559 4138 P
609 4084 668 4138 lam
687 4085 716 4139 b:
736 4084 787 4139 lim
801 4085 835 4153 P,
853 4084 930 4138 ata
984 4089 1020 4138 24
1034 4089 1098 4154 post
1116 4082 1245 4138 holtrhal
1256 4084 1321 4139 odd.

311 4153 380 4208 holtr
394 4101 473 4209 adar
483 4156 511 4210 P
560 4160 595 4210 14
609 4154 733 4210 curulem
747 4155 781 4223 Ρ,
796 4154 931 4210 carralem
943 4156 981 4224 B,
995 4157 1008 4208 1
1022 4155 1148 4211 caruldt
1198 4154 1322 4223 litorelq.

310 4221 344 4277 B'
397 4229 432 4280 29
452 4227 633 4296 ceteraquae
651 4243 702 4283 om.
721 4227 749 4281 P
