3322 5190
700 933 752 987 XX
771 938 860 989 a-lo
1222 931 1289 998 565

272 1095 462 1160 clementem
482 1099 637 1180 teporem,
654 1096 814 1162 torridum
833 1094 951 1162 Cancri
966 1116 1004 1162 ac
1021 1095 1141 1161 Leonis
1156 1098 1290 1178 aestum,

270 1182 440 1248 mollitiem
465 1183 663 1249 autumnalis
687 1205 795 1268 aurae,
821 1181 889 1248 nim
915 1182 1047 1270 frigoris
1065 1183 1152 1249 inter
1170 1185 1291 1250 utram·

270 1292 332 1357 qne
367 1272 572 1355 temperiem,
609 1273 719 1337 omnia
755 1272 837 1337 haec
874 1271 954 1337 solis
991 1293 1104 1339 cursus
1138 1273 1172 1336 et
1204 1270 1290 1337 ratio

270 1360 443 1444 dispensat
486 1359 555 1424 iure
579 1380 658 1444 ergo
682 1381 738 1426 cor
756 1360 837 1426 caeli
860 1358 987 1445 dicitur,
1010 1381 1068 1445 par
1091 1380 1188 1445 quom
1206 1359 1291 1424 fiunt

243 1452 389 1530 somnia,
411 1470 494 1533 quae
518 1447 630 1513 diuina
653 1449 780 1514 ratione
803 1448 874 1513 fieri
893 1448 1049 1514 uidemus.
1086 1449 1136 1513 est
1155 1451 1188 1514 et
1206 1447 1318 1517 haeci

270 1559 383 1619 causa,
419 1540 553 1623 propter
589 1558 686 1621 quam
719 1538 789 1602 inre
821 1559 876 1602 cor
909 1536 990 1602 caeli
1021 1539 1170 1620 uocetur,
1201 1535 1289 1621 quod
1361 1558 1364 1564 ·

269 1628 388 1690 natura
410 1625 497 1713 ignis
521 1647 649 1711 semper
673 1627 707 1691 in
729 1629 822 1691 motu
841 1627 1061 1712 perpetuoque
1081 1625 1210 1710 agitatu
1228 1627 1290 1711 ast,

271 1714 373 1780 solem
398 1717 506 1781 autem
529 1714 617 1800 ignis
641 1714 778 1780 aetherii
802 1715 927 1780 fontem
946 1712 1066 1781 dictum
1087 1735 1158 1780 osse
1176 1714 1288 1780 retuli·

270 1825 358 1892 mus,
389 1803 451 1870 hoc
483 1807 535 1869 est
562 1825 640 1891 ergo
670 1804 719 1871 sol
747 1805 781 1870 in
806 1803 951 1891 aethere,
979 1802 1064 1889 quod
1093 1803 1126 1869 in
1155 1803 1290 1870 animali

232 1911 258 1952 ιο
272 1914 337 1977 cor,
359 1894 451 1960 cuius
473 1893 539 1960 ista
562 1897 680 1960 natura
702 1897 762 1980 est,
784 1916 825 1959 ne
848 1916 1003 1980 umquam
1026 1897 1131 1960 cesset
1148 1916 1169 1959 a
1187 1896 1291 1980 motu,

272 1987 330 2049 aut
347 1982 457 2049 breuis
477 1985 557 2068 eins,
576 2006 780 2070 quocumque
799 2006 876 2050 casu
896 1983 938 2049 ab
953 1982 1135 2071 agitatione
1149 1983 1290 2050 cessatio

271 2094 347 2138 mox
384 2073 505 2138 animal
543 2073 720 2139 interimat.
772 2073 853 2140 haec
886 2073 925 2139 da
958 2095 1011 2157 eo,
1042 2072 1128 2159 quod
1161 2071 1322 2138 mundi8

271 2165 437 2226 mentem
464 2162 605 2227 uocauit.
651 2184 708 2227 cur
734 2183 812 2227 uero
837 2164 870 2225 et
897 2161 1133 2246 temperatio
1161 2160 1292 2227 mundi

273 2249 378 2313 <lictus
407 2249 463 2332 sit,
491 2251 575 2316 ratio
602 2250 637 2314 in
666 2253 780 2333 aperto
809 2254 868 2315 eat.
914 2250 962 2314 iia
985 2250 1071 2314 enim
1094 2271 1159 2316 non
1185 2250 1292 2315 solam

234 2354 259 2394 ιι
274 2340 394 2402 terram
419 2337 476 2402 sed
499 2339 604 2422 ipsum
629 2359 756 2423 quoque
779 2338 919 2422 eaelum,
942 2339 1027 2423 quod
1052 2359 1127 2403 uere
1150 2338 1291 2404 mundns

274 2429 424 2512 uocatur,
451 2428 627 2512 temperari
651 2427 720 2493 soie
743 2427 959 2493 certissimum
985 2430 1050 2514 est,
1080 2429 1118 2492 ut
1141 2426 1292 2493 extremi·

274 2518 360 2581 tates
394 2516 477 2596 cius,
511 2538 593 2602 quae
627 2540 646 2581 a
673 2517 728 2582 uia
754 2516 832 2582 solis
861 2516 1053 2602 longissime
1080 2517 1292 2602 recesserunt,

276 2606 364 2671 omni
384 2609 517 2671 careant
535 2606 692 2672 beneficio
712 2607 831 2672 caloris
851 2610 884 2671 et
903 2606 1112 2693 une'irigoris
1128 2606 1291 2691 perpetui·

276 2697 344 2759 tate
363 2697 564 2779 torpescant:
585 2695 668 2781 quod
685 2695 895 2780 sequentibus
911 2694 1054 2781 apertius
1070 2695 1292 2780 explicabitur.

238 2801 265 2840 ιο
279 2785 396 2865 restat,
428 2786 466 2848 ut
499 2786 531 2848 et
563 2783 601 2847 de
629 2784 854 2870 magnitudine
882 2784 963 2868 eiua,
996 2806 1092 2869 quam
1121 2784 1293 2849 uerissima

276 2870 517 2954 praedicatione
541 2871 666 2955 extulit,
689 2893 793 2956 pauca
816 2875 849 2936 et
868 2892 933 2936 non
953 2872 1189 2956 praetereunda
1206 2871 1292 2936 dica-

275 2979 358 3023 mus.
408 2959 535 3042 physici
568 2959 630 3024 hoe
663 2959 803 3024 maxime
836 2959 989 3044 consequi
1021 2960 1053 3024 in
1089 2959 1176 3024 omni
1205 2957 1321 3025 cirea9

276 3047 533 3131 magnitudinem
576 3048 655 3114 solis
691 3047 901 3133 inquisitione
939 3049 1124 3132 uoluerunt,
1169 3051 1292 3133 quanto

276 3136 380 3200 maior
398 3137 505 3223 possit
523 3156 593 3201 asse
613 3159 710 3221 quam
729 3142 825 3220 terro,
844 3143 877 3203 et
895 3136 1130 3203 Eratosthenes
1150 3133 1292 3202 inlibris

235 3238 262 3279 2⁶
277 3223 516 3290 dimensionum
541 3226 587 3290 sic
610 3226 656 3290 ait
679 3225 849 3291 ‘mensura
873 3230 976 3290 terrae
1000 3225 1121 3310 septies
1140 3228 1173 3289 et
1191 3225 1292 3291 uicies

277 3312 497 3397 multiplicata
514 3335 699 3379 mensnram
719 3314 800 3379 solis
818 3313 961 3395 efficiet’‚
979 3313 1174 3378 Posidonius
1188 3313 1292 3378 multo

276 3400 443 3484 multoque
475 3403 617 3485 saepius,
651 3405 683 3466 et
710 3404 846 3486 uterque
873 3401 998 3466 lunaris
1027 3401 1171 3466 deiectus
1200 3422 1293 3486 argu·

277 3492 422 3553 mentum
446 3498 565 3573 proies
589 3490 733 3556 aduocat.
771 3491 818 3554 ita
841 3512 915 3556 cum
939 3490 1041 3555 solem
1067 3489 1184 3555 uolunt
1205 3492 1294 3555 terra
1305 3488 1347 3555 10

276 3577 431 3648 maiorem
452 3579 601 3661 probare,
625 3579 813 3645 testimonio
832 3580 929 3644 lunae
948 3578 1127 3644 deficientis
1145 3580 1291 3656 utuntur,

234 3683 260 3724 ro
278 3687 350 3730 cum
379 3666 539 3731 deiectum
568 3668 664 3733 lunae
692 3671 850 3734 conantur
875 3667 1036 3751 adserere,
1064 3665 1294 3751 probationem

266 3775 330 3784 ..ο-

342 3824 547 3879 lelemantem
567 3826 684 3880 euanuit
701 3826 733 3880 in
751 3825 780 3879 Β
834 3822 925 3898 toph
939 3839 988 3878 cor
1005 3839 1065 3877 rure
1084 3823 1113 3877 Β
1167 3827 1294 3880 tamma

269 3895 297 3950 P
374 3901 405 3951 11
431 3894 563 3951 breurB
644 3901 676 3950 12
700 3895 864 3952 rotrmotB
938 3901 971 3951 12
995 3895 1141 3950 meutaP
1219 3900 1294 3952 lta

269 3966 324 4023 sole
346 3967 374 4022 P
451 3973 484 4024 18
511 3984 607 4024 omnis
625 3969 653 4023 B
726 3972 760 4024 12
779 3985 828 4039 qur
846 3967 884 4036 B,
906 3967 1005 4024 danda
1023 3984 1052 4021 sn
1071 3965 1251 4036 faqnantrbuf
1266 3968 1295 4022 P

268 4044 300 4093 21
332 4038 434 4095 extuht
461 4056 511 4095 om.
537 4039 566 4093 P
666 4045 700 4095 22
728 4037 828 4110 phrhcr
851 4038 904 4094 PB
1009 4043 1043 4093 22
1066 4056 1096 4093 ιιι
1120 4037 1244 4108 qurhone
1268 4038 1297 4095 Ρ

268 4111 535 4166 attiniacensis
556 4112 583 4164 P
649 4110 796 4185 terraer!
816 4111 845 4169 P
913 4117 948 4167 26
967 4109 1057 4164 multo
1076 4127 1127 4166 om.
1145 4109 1183 4165 P'
1257 4116 1291 4167 27

265 4186 327 4250 post
346 4181 457 4250 fasprns
471 4182 536 4237 add.
556 4181 751 4251 multiphcata
771 4181 836 4238 iohi
851 4181 942 4252 ipatn'r
962 4181 1072 4236 efficere
1091 4180 1120 4236 P
1228 4185 1293 4251 post

268 4254 463 4375 argunbentum
489 4253 553 4308 aad.
579 4270 699 4307 rnurcem
719 4253 747 4306 P
858 4259 892 4308 22
912 4253 1005 4325 *luna
1024 4252 1053 4306 P
1166 4256 1201 4306 20
1220 4251 1292 4307 aise-

267 4337 328 4377 rere
