<?xml version="1.0" encoding="UTF-8"?>
<!DOCTYPE html PUBLIC "-//W3C//DTD XHTML 1.0 Transitional//EN"
    "http://www.w3.org/TR/xhtml1/DTD/xhtml1-transitional.dtd">
<html xmlns="http://www.w3.org/1999/xhtml" xml:lang="en" lang="en">
 <head>
  <title>
</title>
<meta http-equiv="Content-Type" content="text/html;charset=utf-8" />
  <meta name='ocr-system' content='tesseract 3.04.00' />
  <meta name='ocr-capabilities' content='ocr_page ocr_carea ocr_par ocr_line ocrx_word'/>
</head>
<body>
  <div class='ocr_page' id='page_1' title='image "./macrobius00cicegoog_0562.png"; bbox 0 0 3322 5190; ppageno 0'>
   <div class='ocr_carea' id='block_1_1' title="bbox 402 811 1184 878">
    <p class='ocr_par' dir='ltr' id='par_1_1' title="bbox 402 811 1184 878">
     <span class='ocr_line' id='line_1_1' title="bbox 402 811 1184 878; baseline -0.013 0"><span class='ocrx_word' id='word_1_1' title='bbox 402 813 469 878; x_wconf 78' lang='grc'><strong>544</strong></span> <span class='ocrx_word' id='word_1_2' title='bbox 630 813 744 869; x_wconf 78' lang='grc' dir='ltr'><strong>ΟΟΜΜ.</strong></span> <span class='ocrx_word' id='word_1_3' title='bbox 762 813 801 868; x_wconf 84' lang='grc' dir='ltr'><strong>ΙΝ</strong></span> <span class='ocrx_word' id='word_1_4' title='bbox 820 811 931 869; x_wconf 78' lang='grc' dir='ltr'><strong>ΒΟΜΝ.</strong></span> <span class='ocrx_word' id='word_1_5' title='bbox 950 811 1036 870; x_wconf 79' lang='lat' dir='ltr'><strong>acle.</strong></span> <span class='ocrx_word' id='word_1_6' title='bbox 1056 813 1153 869; x_wconf 82' lang='lat' dir='ltr'><strong>LIBRI</strong></span> <span class='ocrx_word' id='word_1_7' title='bbox 1170 813 1184 868; x_wconf 94' lang='lat'>1</span> 
     </span>
    </p>
   </div>
   <div class='ocr_carea' id='block_1_2' title="bbox 352 975 1477 3895">
    <p class='ocr_par' dir='ltr' id='par_1_2' title="bbox 352 975 1477 3895">
     <span class='ocr_line' id='line_1_2' title="bbox 402 975 1432 1060; baseline 0 -20"><span class='ocrx_word' id='word_1_8' title='bbox 402 975 548 1040; x_wconf 86' lang='lat' dir='ltr'><strong>ueniunt.</strong></span> <span class='ocrx_word' id='word_1_9' title='bbox 595 995 705 1038; x_wconf 90' lang='lat' dir='ltr'><strong>omncs</strong></span> <span class='ocrx_word' id='word_1_10' title='bbox 729 975 814 1037; x_wconf 90' lang='lat' dir='ltr'><strong>euim</strong></span> <span class='ocrx_word' id='word_1_11' title='bbox 837 975 951 1038; x_wconf 80' lang='lat' dir='ltr'><strong>stellae</strong></span> <span class='ocrx_word' id='word_1_12' title='bbox 974 975 1059 1039; x_wconf 87' lang='lat' dir='ltr'><strong>inter</strong></span> <span class='ocrx_word' id='word_1_13' title='bbox 1081 997 1125 1058; x_wconf 86' lang='lat' dir='ltr'><strong>se,</strong></span> <span class='ocrx_word' id='word_1_14' title='bbox 1148 975 1210 1040; x_wconf 89' lang='lat' dir='ltr'><strong>etsi</strong></span> <span class='ocrx_word' id='word_1_15' title='bbox 1231 975 1265 1039; x_wconf 91' lang='lat' dir='ltr'><strong>in</strong></span> <span class='ocrx_word' id='word_1_16' title='bbox 1288 978 1432 1060; x_wconf 81' lang='lat' dir='ltr'><strong>magni-</strong></span> 
     </span>
     <span class='ocr_line' id='line_1_3' title="bbox 403 1061 1430 1145; baseline 0.001 -19"><span class='ocrx_word' id='word_1_17' title='bbox 403 1062 514 1126; x_wconf 89' lang='lat' dir='ltr'><strong>tudine</strong></span> <span class='ocrx_word' id='word_1_18' title='bbox 538 1061 692 1144; x_wconf 77' lang='lat' dir='ltr'><strong>aliquam,</strong></span> <span class='ocrx_word' id='word_1_19' title='bbox 715 1061 837 1125; x_wconf 89' lang='lat' dir='ltr'><strong>nullam</strong></span> <span class='ocrx_word' id='word_1_20' title='bbox 860 1068 971 1125; x_wconf 87' lang='lat' dir='ltr'><strong>tamen</strong></span> <span class='ocrx_word' id='word_1_21' title='bbox 994 1061 1118 1126; x_wconf 87' lang='lat' dir='ltr'><strong>habeut</strong></span> <span class='ocrx_word' id='word_1_22' title='bbox 1139 1063 1173 1126; x_wconf 90' lang='lat' dir='ltr'><strong>in</strong></span> <span class='ocrx_word' id='word_1_23' title='bbox 1196 1063 1302 1145; x_wconf 87' lang='lat' dir='ltr'><strong>specie</strong></span> <span class='ocrx_word' id='word_1_24' title='bbox 1328 1061 1430 1128; x_wconf 83' lang='lat' dir='ltr'><strong>diffe-</strong></span> 
     </span>
     <span class='ocr_line' id='line_1_4' title="bbox 403 1149 1432 1233; baseline 0 -18"><span class='ocrx_word' id='word_1_25' title='bbox 403 1150 554 1216; x_wconf 79' lang='lat' dir='ltr'><strong>rentiam.</strong></span> <span class='ocrx_word' id='word_1_26' title='bbox 595 1169 653 1233; x_wconf 88' lang='lat' dir='ltr'><strong>per</strong></span> <span class='ocrx_word' id='word_1_27' title='bbox 675 1149 754 1213; x_wconf 88' lang='lat' dir='ltr'><strong>haec</strong></span> <span class='ocrx_word' id='word_1_28' title='bbox 777 1157 886 1213; x_wconf 86' lang='lat' dir='ltr'><strong>autem</strong></span> <span class='ocrx_word' id='word_1_29' title='bbox 910 1149 973 1213; x_wconf 91' lang='lat' dir='ltr'><strong>duo</strong></span> <span class='ocrx_word' id='word_1_30' title='bbox 997 1151 1130 1213; x_wconf 90' lang='lat' dir='ltr'><strong>nomina</strong></span> <span class='ocrx_word' id='word_1_31' title='bbox 1154 1149 1259 1214; x_wconf 91' lang='lat' dir='ltr'><strong>solida</strong></span> <span class='ocrx_word' id='word_1_32' title='bbox 1276 1149 1432 1233; x_wconf 86' lang='lat' dir='ltr'><strong>sphaera</strong></span> 
     </span>
     <span class='ocr_line' id='line_1_5' title="bbox 404 1236 1430 1320; baseline 0.003 -19"><span class='ocrx_word' id='word_1_33' title='bbox 404 1237 613 1320; x_wconf 79' lang='lat' dir='ltr'><strong>describitur,</strong></span> <span class='ocrx_word' id='word_1_34' title='bbox 644 1256 726 1320; x_wconf 89' lang='lat' dir='ltr'><strong>quae</strong></span> <span class='ocrx_word' id='word_1_35' title='bbox 758 1257 816 1300; x_wconf 87' lang='lat' dir='ltr'><strong>uec</strong></span> <span class='ocrx_word' id='word_1_36' title='bbox 849 1259 887 1301; x_wconf 86' lang='lat' dir='ltr'><strong>ex</strong></span> <span class='ocrx_word' id='word_1_37' title='bbox 915 1237 1027 1320; x_wconf 80' lang='lat' dir='ltr'>globo,</span> <span class='ocrx_word' id='word_1_38' title='bbox 1059 1238 1087 1302; x_wconf 91' lang='lat' dir='ltr'><strong>si</strong></span> <span class='ocrx_word' id='word_1_39' title='bbox 1115 1236 1293 1302; x_wconf 76' lang='lat' dir='ltr'><strong>rotunditas</strong></span> <span class='ocrx_word' id='word_1_40' title='bbox 1324 1237 1430 1319; x_wconf 85' lang='lat' dir='ltr'><strong>desit,</strong></span> 
     </span>
     <span class='ocr_line' id='line_1_6' title="bbox 404 1325 1477 1411; baseline -0.004 -18"><span class='ocrx_word' id='word_1_41' title='bbox 404 1348 465 1393; x_wconf 89' lang='lat' dir='ltr'><strong>nec</strong></span> <span class='ocrx_word' id='word_1_42' title='bbox 487 1349 526 1392; x_wconf 85' lang='lat' dir='ltr'><strong>ex</strong></span> <span class='ocrx_word' id='word_1_43' title='bbox 545 1325 752 1408; x_wconf 75' lang='lat' dir='ltr'><strong>rotunditate,</strong></span> <span class='ocrx_word' id='word_1_44' title='bbox 775 1325 803 1390; x_wconf 89' lang='lat' dir='ltr'><strong>si</strong></span> <span class='ocrx_word' id='word_1_45' title='bbox 822 1325 939 1410; x_wconf 82' lang='lat' dir='ltr'><strong>globus</strong></span> <span class='ocrx_word' id='word_1_46' title='bbox 958 1326 1050 1411; x_wconf 81' lang='lat' dir='ltr'><strong>desit,</strong></span> <span class='ocrx_word' id='word_1_47' title='bbox 1073 1326 1222 1411; x_wconf 85' lang='lat' dir='ltr'><strong>efficitur,</strong></span> <span class='ocrx_word' id='word_1_48' title='bbox 1245 1347 1318 1391; x_wconf 90' lang='lat' dir='ltr'><strong>cum</strong></span> <span class='ocrx_word' id='word_1_49' title='bbox 1338 1327 1428 1392; x_wconf 77' lang='lat' dir='ltr'><strong>alte·</strong></span> <span class='ocrx_word' id='word_1_50' title='bbox 1460 1348 1477 1389; x_wconf 81' lang='lat' dir='ltr'><strong>a</strong></span> 
     </span>
     <span class='ocr_line' id='line_1_7' title="bbox 404 1413 1428 1499; baseline -0.001 -18"><span class='ocrx_word' id='word_1_51' title='bbox 404 1438 477 1481; x_wconf 89' lang='lat' dir='ltr'><strong>rum</strong></span> <span class='ocrx_word' id='word_1_52' title='bbox 519 1415 639 1499; x_wconf 86' lang='lat' dir='ltr'><strong>forma,</strong></span> <span class='ocrx_word' id='word_1_53' title='bbox 679 1414 818 1479; x_wconf 87' lang='lat' dir='ltr'><strong>alterum</strong></span> <span class='ocrx_word' id='word_1_54' title='bbox 858 1413 1023 1479; x_wconf 88' lang='lat' dir='ltr'><strong>soliditate</strong></span> <span class='ocrx_word' id='word_1_55' title='bbox 1060 1415 1205 1499; x_wconf 88' lang='lat' dir='ltr'><strong>corporis</strong></span> <span class='ocrx_word' id='word_1_56' title='bbox 1241 1414 1428 1481; x_wconf 82' lang='lat' dir='ltr'><strong>deseratur.</strong></span> 
     </span>
     <span class='ocr_line' id='line_1_8' title="bbox 352 1502 1426 1591; baseline -0.001 -22"><span class='ocrx_word' id='word_1_57' title='bbox 352 1513 396 1580; x_wconf 82' lang='grc'><strong>23</strong></span> <span class='ocrx_word' id='word_1_58' title='bbox 407 1503 562 1591; x_wconf 89' lang='lat' dir='ltr'><strong>sphaeras</strong></span> <span class='ocrx_word' id='word_1_59' title='bbox 595 1509 702 1569; x_wconf 84' lang='lat' dir='ltr'><strong>autem</strong></span> <span class='ocrx_word' id='word_1_60' title='bbox 730 1503 783 1567; x_wconf 90' lang='lat' dir='ltr'><strong>hic</strong></span> <span class='ocrx_word' id='word_1_61' title='bbox 813 1502 949 1568; x_wconf 87' lang='lat' dir='ltr'><strong>dicimus</strong></span> <span class='ocrx_word' id='word_1_62' title='bbox 977 1504 1122 1589; x_wconf 90' lang='lat' dir='ltr'><strong>ipsarum</strong></span> <span class='ocrx_word' id='word_1_63' title='bbox 1150 1504 1318 1569; x_wconf 88' lang='lat' dir='ltr'><strong>stellarum</strong></span> <span class='ocrx_word' id='word_1_64' title='bbox 1347 1525 1426 1568; x_wconf 90' lang='lat' dir='ltr'><strong>cor-</strong></span> 
     </span>
     <span class='ocr_line' id='line_1_9' title="bbox 406 1592 1427 1680; baseline -0.001 -22"><span class='ocrx_word' id='word_1_65' title='bbox 406 1616 500 1680; x_wconf 88' lang='lat' dir='ltr'><strong>pora,</strong></span> <span class='ocrx_word' id='word_1_66' title='bbox 523 1615 605 1677; x_wconf 87' lang='lat' dir='ltr'><strong>quae</strong></span> <span class='ocrx_word' id='word_1_67' title='bbox 628 1592 736 1656; x_wconf 89' lang='lat' dir='ltr'><strong>omnia</strong></span> <span class='ocrx_word' id='word_1_68' title='bbox 759 1592 820 1656; x_wconf 89' lang='lat' dir='ltr'><strong>hac</strong></span> <span class='ocrx_word' id='word_1_69' title='bbox 844 1594 949 1675; x_wconf 90' lang='lat' dir='ltr'><strong>specie</strong></span> <span class='ocrx_word' id='word_1_70' title='bbox 973 1593 1112 1658; x_wconf 86' lang='lat' dir='ltr'><strong>formata</strong></span> <span class='ocrx_word' id='word_1_71' title='bbox 1135 1597 1219 1658; x_wconf 85' lang='lat' dir='ltr'><strong>sunt</strong></span> <span class='ocrx_word' id='word_1_72' title='bbox 1265 1592 1427 1657; x_wconf 86' lang='lat' dir='ltr'><strong>dicuntur</strong></span> 
     </span>
     <span class='ocr_line' id='line_1_10' title="bbox 406 1680 1427 1768; baseline -0.003 -20"><span class='ocrx_word' id='word_1_73' title='bbox 406 1688 576 1768; x_wconf 85' lang='lat' dir='ltr'><strong>praeterea</strong></span> <span class='ocrx_word' id='word_1_74' title='bbox 598 1683 755 1766; x_wconf 78' lang='lat' dir='ltr'><strong>sphaerae</strong></span> <span class='ocrx_word' id='word_1_75' title='bbox 779 1687 812 1746; x_wconf 88' lang='lat' dir='ltr'><strong>et</strong></span> <span class='ocrx_word' id='word_1_76' title='bbox 834 1680 982 1767; x_wconf 62' lang='lat' dir='ltr'><strong>deiende</strong></span> <span class='ocrx_word' id='word_1_77' title='bbox 1006 1684 1071 1767; x_wconf 90' lang='lat' dir='ltr'><strong>illa,</strong></span> <span class='ocrx_word' id='word_1_78' title='bbox 1093 1705 1175 1767; x_wconf 90' lang='lat' dir='ltr'><strong>quae</strong></span> <span class='ocrx_word' id='word_1_79' title='bbox 1194 1682 1334 1748; x_wconf 84' lang='lat' dir='ltr'><strong>maxima</strong></span> <span class='ocrx_word' id='word_1_80' title='bbox 1358 1687 1427 1767; x_wconf 87' lang='lat' dir='ltr'><strong>est,</strong></span> 
     </span>
     <span class='ocr_line' id='line_1_11' title="bbox 407 1771 1476 1856; baseline -0.004 -20"><span class='ocrx_word' id='word_1_81' title='bbox 407 1779 440 1836; x_wconf 91' lang='lat' dir='ltr'><strong>ct</strong></span> <span class='ocrx_word' id='word_1_82' title='bbox 467 1771 631 1836; x_wconf 86' lang='lat' dir='ltr'><strong>subiectae</strong></span> <span class='ocrx_word' id='word_1_83' title='bbox 659 1775 796 1856; x_wconf 88' lang='lat' dir='ltr'><strong>septem,</strong></span> <span class='ocrx_word' id='word_1_84' title='bbox 824 1794 881 1854; x_wconf 89' lang='lat' dir='ltr'><strong>per</strong></span> <span class='ocrx_word' id='word_1_85' title='bbox 909 1794 989 1855; x_wconf 89' lang='lat' dir='ltr'><strong>quas</strong></span> <span class='ocrx_word' id='word_1_86' title='bbox 1018 1772 1080 1835; x_wconf 88' lang='lat' dir='ltr'><strong>duo</strong></span> <span class='ocrx_word' id='word_1_87' title='bbox 1108 1773 1233 1837; x_wconf 90' lang='lat' dir='ltr'><strong>lumina</strong></span> <span class='ocrx_word' id='word_1_88' title='bbox 1258 1775 1291 1835; x_wconf 89' lang='lat' dir='ltr'><strong>et</strong></span> <span class='ocrx_word' id='word_1_89' title='bbox 1313 1791 1426 1856; x_wconf 82' lang='lat' dir='ltr'><strong>uagae</strong></span> <span class='ocrx_word' id='word_1_90' title='bbox 1446 1795 1476 1833; x_wconf 87' lang='lat' dir='ltr'><strong>ro</strong></span> 
     </span>
     <span class='ocr_line' id='line_1_12' title="bbox 354 1859 1427 1946; baseline -0.001 -21"><span class='ocrx_word' id='word_1_91' title='bbox 354 1868 398 1934; x_wconf 81' lang='lat'><strong>24</strong></span> <span class='ocrx_word' id='word_1_92' title='bbox 408 1860 551 1946; x_wconf 87' lang='lat' dir='ltr'><strong>quinque</strong></span> <span class='ocrx_word' id='word_1_93' title='bbox 575 1859 767 1926; x_wconf 81' lang='lat' dir='ltr'><strong>discurrunt</strong></span> <span class='ocrx_word' id='word_1_94' title='bbox 813 1860 889 1924; x_wconf 89' lang='lat' dir='ltr'><strong>eirei</strong></span> <span class='ocrx_word' id='word_1_95' title='bbox 914 1881 990 1925; x_wconf 90' lang='lat' dir='ltr'><strong>uero</strong></span> <span class='ocrx_word' id='word_1_96' title='bbox 1014 1865 1047 1924; x_wconf 91' lang='lat' dir='ltr'><strong>et</strong></span> <span class='ocrx_word' id='word_1_97' title='bbox 1069 1860 1163 1925; x_wconf 86' lang='lat' dir='ltr'><strong>orbes</strong></span> <span class='ocrx_word' id='word_1_98' title='bbox 1186 1860 1320 1925; x_wconf 91' lang='lat' dir='ltr'><strong>duarum</strong></span> <span class='ocrx_word' id='word_1_99' title='bbox 1341 1864 1427 1924; x_wconf 88' lang='lat' dir='ltr'><strong>sunt</strong></span> 
     </span>
     <span class='ocr_line' id='line_1_13' title="bbox 408 1947 1425 2032; baseline -0.001 -18"><span class='ocrx_word' id='word_1_100' title='bbox 408 1970 515 2014; x_wconf 90' lang='lat' dir='ltr'><strong>rerum</strong></span> <span class='ocrx_word' id='word_1_101' title='bbox 549 1948 611 2013; x_wconf 92' lang='lat' dir='ltr'><strong>duo</strong></span> <span class='ocrx_word' id='word_1_102' title='bbox 644 1949 790 2031; x_wconf 89' lang='lat' dir='ltr'><strong>uomina,</strong></span> <span class='ocrx_word' id='word_1_103' title='bbox 822 1953 855 2012; x_wconf 93' lang='lat' dir='ltr'><strong>et</strong></span> <span class='ocrx_word' id='word_1_104' title='bbox 885 1949 937 2012; x_wconf 91' lang='lat' dir='ltr'><strong>his</strong></span> <span class='ocrx_word' id='word_1_105' title='bbox 970 1949 1153 2013; x_wconf 84' lang='lat' dir='ltr'><strong>nominibus</strong></span> <span class='ocrx_word' id='word_1_106' title='bbox 1181 1948 1309 2032; x_wconf 91' lang='lat' dir='ltr'><strong>quidem</strong></span> <span class='ocrx_word' id='word_1_107' title='bbox 1338 1947 1425 2013; x_wconf 86' lang='lat' dir='ltr'><strong>alibi</strong></span> 
     </span>
     <span class='ocr_line' id='line_1_14' title="bbox 409 2036 1426 2122; baseline 0 -20"><span class='ocrx_word' id='word_1_108' title='bbox 409 2038 504 2102; x_wconf 88' lang='lat' dir='ltr'><strong>aliter</strong></span> <span class='ocrx_word' id='word_1_109' title='bbox 526 2041 577 2102; x_wconf 91' lang='lat' dir='ltr'><strong>est</strong></span> <span class='ocrx_word' id='word_1_110' title='bbox 601 2058 687 2101; x_wconf 90' lang='lat' dir='ltr'><strong>usus.</strong></span> <span class='ocrx_word' id='word_1_111' title='bbox 733 2059 808 2100; x_wconf 89' lang='lat' dir='ltr'><strong>nam</strong></span> <span class='ocrx_word' id='word_1_112' title='bbox 832 2041 865 2100; x_wconf 89' lang='lat' dir='ltr'><strong>et</strong></span> <span class='ocrx_word' id='word_1_113' title='bbox 888 2037 998 2102; x_wconf 86' lang='lat' dir='ltr'><strong>orbem</strong></span> <span class='ocrx_word' id='word_1_114' title='bbox 1022 2059 1080 2122; x_wconf 91' lang='lat' dir='ltr'><strong>pro</strong></span> <span class='ocrx_word' id='word_1_115' title='bbox 1105 2036 1224 2102; x_wconf 88' lang='lat' dir='ltr'><strong>circulo</strong></span> <span class='ocrx_word' id='word_1_116' title='bbox 1248 2036 1359 2121; x_wconf 83' lang='lat' dir='ltr'><strong>posuit</strong></span> <span class='ocrx_word' id='word_1_117' title='bbox 1382 2042 1426 2102; x_wconf 86' lang='lat' dir='ltr'><strong>ut</strong></span> 
     </span>
     <span class='ocr_line' id='line_1_15' title="bbox 409 2126 1425 2210; baseline -0.001 -19"><span class='ocrx_word' id='word_1_118' title='bbox 409 2127 539 2192; x_wconf 89' lang='lat' dir='ltr'><strong>orbern</strong></span> <span class='ocrx_word' id='word_1_119' title='bbox 567 2127 745 2207; x_wconf 87' lang='lat' dir='ltr'><strong>lacteum,</strong></span> <span class='ocrx_word' id='word_1_120' title='bbox 775 2130 808 2188; x_wconf 94' lang='lat' dir='ltr'><strong>et</strong></span> <span class='ocrx_word' id='word_1_121' title='bbox 835 2126 946 2188; x_wconf 88' lang='lat' dir='ltr'><strong>orbem</strong></span> <span class='ocrx_word' id='word_1_122' title='bbox 974 2147 1033 2210; x_wconf 92' lang='lat' dir='ltr'><strong>pro</strong></span> <span class='ocrx_word' id='word_1_123' title='bbox 1060 2126 1198 2209; x_wconf 79' lang='lat' dir='ltr'><strong>sphaera</strong></span> <span class='ocrx_word' id='word_1_124' title='bbox 1221 2130 1256 2190; x_wconf 93' lang='lat' dir='ltr'><strong>ut</strong></span> <span class='ocrx_word' id='word_1_125' title='bbox 1281 2147 1425 2190; x_wconf 88' lang='lat' dir='ltr'><strong>nonem</strong></span> 
     </span>
     <span class='ocr_line' id='line_1_16' title="bbox 409 2213 1472 2297; baseline 0 -19"><span class='ocrx_word' id='word_1_126' title='bbox 409 2214 483 2279; x_wconf 88' lang='lat' dir='ltr'><strong>tibi</strong></span> <span class='ocrx_word' id='word_1_127' title='bbox 520 2214 680 2277; x_wconf 87' lang='lat' dir='ltr'><strong>orbibus</strong></span> <span class='ocrx_word' id='word_1_128' title='bbox 719 2215 778 2276; x_wconf 91' lang='lat' dir='ltr'><strong>uel</strong></span> <span class='ocrx_word' id='word_1_129' title='bbox 817 2214 946 2297; x_wconf 89' lang='lat' dir='ltr'><strong>potius</strong></span> <span class='ocrx_word' id='word_1_130' title='bbox 984 2213 1122 2297; x_wconf 85' lang='lat' dir='ltr'><strong>globis.</strong></span> <span class='ocrx_word' id='word_1_131' title='bbox 1180 2214 1234 2278; x_wconf 89' lang='lat' dir='ltr'><strong>sed</strong></span> <span class='ocrx_word' id='word_1_132' title='bbox 1271 2218 1304 2278; x_wconf 86' lang='lat' dir='ltr'><strong>at</strong></span> <span class='ocrx_word' id='word_1_133' title='bbox 1340 2213 1472 2279; x_wconf 76' lang='lat' dir='ltr'><strong>circite</strong></span> 
     </span>
     <span class='ocr_line' id='line_1_17' title="bbox 408 2301 1424 2386; baseline 0.002 -21"><span class='ocrx_word' id='word_1_134' title='bbox 408 2305 583 2384; x_wconf 90' lang='lat' dir='ltr'><strong>uocantur,</strong></span> <span class='ocrx_word' id='word_1_135' title='bbox 614 2301 669 2385; x_wconf 92' lang='lat' dir='ltr'><strong>qui</strong></span> <span class='ocrx_word' id='word_1_136' title='bbox 702 2301 873 2385; x_wconf 86' lang='lat' dir='ltr'><strong>sphaeram</strong></span> <span class='ocrx_word' id='word_1_137' title='bbox 907 2302 1081 2365; x_wconf 84' lang='lat' dir='ltr'><strong>maximam</strong></span> <span class='ocrx_word' id='word_1_138' title='bbox 1114 2302 1262 2386; x_wconf 81' lang='lat' dir='ltr'><strong>cingunt,</strong></span> <span class='ocrx_word' id='word_1_139' title='bbox 1292 2305 1330 2366; x_wconf 89' lang='lat' dir='ltr'><strong>ut</strong></span> <span class='ocrx_word' id='word_1_140' title='bbox 1364 2323 1424 2368; x_wconf 89' lang='lat' dir='ltr'><strong>eos</strong></span> 
     </span>
     <span class='ocr_line' id='line_1_18' title="bbox 408 2388 1425 2472; baseline 0.001 -20"><span class='ocrx_word' id='word_1_141' title='bbox 408 2410 548 2472; x_wconf 88' lang='lat' dir='ltr'><strong>sequeus</strong></span> <span class='ocrx_word' id='word_1_142' title='bbox 575 2393 734 2452; x_wconf 89' lang='lat' dir='ltr'><strong>tractatus</strong></span> <span class='ocrx_word' id='word_1_143' title='bbox 762 2388 917 2470; x_wconf 89' lang='lat' dir='ltr'><strong>inueniet,</strong></span> <span class='ocrx_word' id='word_1_144' title='bbox 945 2409 1081 2471; x_wconf 92' lang='lat' dir='ltr'><strong>quorum</strong></span> <span class='ocrx_word' id='word_1_145' title='bbox 1110 2410 1192 2452; x_wconf 87' lang='lat' dir='ltr'><strong>unus</strong></span> <span class='ocrx_word' id='word_1_146' title='bbox 1216 2392 1265 2452; x_wconf 86' lang='lat' dir='ltr'><strong>est</strong></span> <span class='ocrx_word' id='word_1_147' title='bbox 1287 2388 1425 2472; x_wconf 88' lang='lat' dir='ltr'><strong>lacteus,</strong></span> 
     </span>
     <span class='ocr_line' id='line_1_19' title="bbox 356 2474 1424 2560; baseline 0 -19"><span class='ocrx_word' id='word_1_148' title='bbox 356 2477 448 2548; x_wconf 81' lang='lat' dir='ltr'><strong>25de</strong></span> <span class='ocrx_word' id='word_1_149' title='bbox 471 2498 533 2560; x_wconf 94' lang='lat' dir='ltr'><strong>quo</strong></span> <span class='ocrx_word' id='word_1_150' title='bbox 558 2476 606 2539; x_wconf 92' lang='lat' dir='ltr'><strong>ait</strong></span> <span class='ocrx_word' id='word_1_151' title='bbox 628 2477 730 2539; x_wconf 90' lang='lat' dir='ltr'><strong>inter</strong></span> <span class='ocrx_word' id='word_1_152' title='bbox 753 2475 933 2539; x_wconf 86' lang='lat' dir='ltr'><strong>flammas</strong></span> <span class='ocrx_word' id='word_1_153' title='bbox 956 2476 1081 2540; x_wconf 88' lang='lat' dir='ltr'><strong>circus</strong></span> <span class='ocrx_word' id='word_1_154' title='bbox 1105 2478 1246 2540; x_wconf 86' lang='lat' dir='ltr'><strong>lucens.</strong></span> <span class='ocrx_word' id='word_1_155' title='bbox 1288 2474 1343 2539; x_wconf 90' lang='lat' dir='ltr'><strong>sed</strong></span> <span class='ocrx_word' id='word_1_156' title='bbox 1367 2475 1424 2541; x_wconf 91' lang='lat' dir='ltr'><strong>hic</strong></span> 
     </span>
     <span class='ocr_line' id='line_1_20' title="bbox 408 2562 1424 2647; baseline -0.002 -19"><span class='ocrx_word' id='word_1_157' title='bbox 408 2564 524 2628; x_wconf 90' lang='lat' dir='ltr'><strong>borum</strong></span> <span class='ocrx_word' id='word_1_158' title='bbox 553 2562 650 2643; x_wconf 94' lang='lat' dir='ltr'><strong>nihil,</strong></span> <span class='ocrx_word' id='word_1_159' title='bbox 677 2584 781 2647; x_wconf 91' lang='lat' dir='ltr'><strong>neque</strong></span> <span class='ocrx_word' id='word_1_160' title='bbox 809 2562 885 2626; x_wconf 88' lang='lat' dir='ltr'><strong>circi</strong></span> <span class='ocrx_word' id='word_1_161' title='bbox 912 2584 1017 2646; x_wconf 87' lang='lat' dir='ltr'><strong>neque</strong></span> <span class='ocrx_word' id='word_1_162' title='bbox 1046 2562 1133 2626; x_wconf 92' lang='lat' dir='ltr'><strong>orbis</strong></span> <span class='ocrx_word' id='word_1_163' title='bbox 1160 2562 1290 2626; x_wconf 89' lang='lat' dir='ltr'><strong>nomine</strong></span> <span class='ocrx_word' id='word_1_164' title='bbox 1313 2562 1424 2626; x_wconf 93' lang='lat' dir='ltr'><strong>uoluit</strong></span> 
     </span>
     <span class='ocr_line' id='line_1_21' title="bbox 409 2649 1472 2736; baseline -0.005 -18"><span class='ocrx_word' id='word_1_165' title='bbox 409 2651 569 2736; x_wconf 82' lang='lat' dir='ltr'><strong>intellegi,</strong></span> <span class='ocrx_word' id='word_1_166' title='bbox 596 2649 652 2715; x_wconf 89' lang='lat' dir='ltr'><strong>sed</strong></span> <span class='ocrx_word' id='word_1_167' title='bbox 681 2656 731 2715; x_wconf 90' lang='lat' dir='ltr'><strong>est</strong></span> <span class='ocrx_word' id='word_1_168' title='bbox 759 2651 865 2715; x_wconf 92' lang='lat' dir='ltr'><strong>orbis</strong></span> <span class='ocrx_word' id='word_1_169' title='bbox 894 2652 927 2714; x_wconf 92' lang='lat' dir='ltr'><strong>in</strong></span> <span class='ocrx_word' id='word_1_170' title='bbox 956 2650 1017 2715; x_wconf 90' lang='lat' dir='ltr'><strong>hoc</strong></span> <span class='ocrx_word' id='word_1_171' title='bbox 1045 2651 1116 2715; x_wconf 86' lang='lat' dir='ltr'><strong>loeo</strong></span> <span class='ocrx_word' id='word_1_172' title='bbox 1144 2650 1257 2716; x_wconf 88' lang='lat' dir='ltr'><strong>stellae</strong></span> <span class='ocrx_word' id='word_1_173' title='bbox 1284 2672 1348 2715; x_wconf 89' lang='lat' dir='ltr'><strong>una</strong></span> <span class='ocrx_word' id='word_1_174' title='bbox 1372 2650 1472 2714; x_wconf 83' lang='lat' dir='ltr'><strong>in-so</strong></span> 
     </span>
     <span class='ocr_line' id='line_1_22' title="bbox 409 2740 1423 2827; baseline -0.002 -21"><span class='ocrx_word' id='word_1_175' title='bbox 409 2746 501 2827; x_wconf 79' lang='lat' dir='ltr'><strong>tegra</strong></span> <span class='ocrx_word' id='word_1_176' title='bbox 526 2746 558 2805; x_wconf 91' lang='lat' dir='ltr'><strong>ct</strong></span> <span class='ocrx_word' id='word_1_177' title='bbox 581 2745 711 2824; x_wconf 87' lang='lat' dir='ltr'><strong>peracta</strong></span> <span class='ocrx_word' id='word_1_178' title='bbox 735 2740 912 2822; x_wconf 90' lang='lat' dir='ltr'><strong>conuersi0,</strong></span> <span class='ocrx_word' id='word_1_179' title='bbox 936 2741 966 2804; x_wconf 94' lang='lat' dir='ltr'><strong>id</strong></span> <span class='ocrx_word' id='word_1_180' title='bbox 991 2744 1040 2804; x_wconf 83' lang='lat' dir='ltr'><strong>est</strong></span> <span class='ocrx_word' id='word_1_181' title='bbox 1064 2741 1104 2804; x_wconf 89' lang='lat' dir='ltr'><strong>ab</strong></span> <span class='ocrx_word' id='word_1_182' title='bbox 1125 2740 1236 2805; x_wconf 89' lang='lat' dir='ltr'><strong>eodem</strong></span> <span class='ocrx_word' id='word_1_183' title='bbox 1256 2741 1324 2804; x_wconf 91' lang='lat' dir='ltr'><strong>loco</strong></span> <span class='ocrx_word' id='word_1_184' title='bbox 1344 2745 1423 2823; x_wconf 88' lang='lat' dir='ltr'><strong>post</strong></span> 
     </span>
     <span class='ocr_line' id='line_1_23' title="bbox 410 2830 1422 2914; baseline -0.003 -18"><span class='ocrx_word' id='word_1_185' title='bbox 410 2855 575 2896; x_wconf 87' lang='lat' dir='ltr'><strong>emensum</strong></span> <span class='ocrx_word' id='word_1_186' title='bbox 605 2830 774 2914; x_wconf 87' lang='lat' dir='ltr'><strong>sphaerae,</strong></span> <span class='ocrx_word' id='word_1_187' title='bbox 802 2853 860 2914; x_wconf 90' lang='lat' dir='ltr'><strong>per</strong></span> <span class='ocrx_word' id='word_1_188' title='bbox 889 2853 984 2913; x_wconf 88' lang='lat' dir='ltr'><strong>quam</strong></span> <span class='ocrx_word' id='word_1_189' title='bbox 1015 2836 1177 2914; x_wconf 78' lang='lat' dir='ltr'><strong>acciretur,</strong></span> <span class='ocrx_word' id='word_1_190' title='bbox 1206 2831 1362 2894; x_wconf 90' lang='lat' dir='ltr'><strong>ambitum</strong></span> <span class='ocrx_word' id='word_1_191' title='bbox 1387 2830 1422 2893; x_wconf 92' lang='lat' dir='ltr'><strong>in</strong></span> 
     </span>
     <span class='ocr_line' id='line_1_24' title="bbox 411 2918 1421 3003; baseline -0.002 -18"><span class='ocrx_word' id='word_1_192' title='bbox 411 2922 546 2986; x_wconf 89' lang='lat' dir='ltr'><strong>eundem</strong></span> <span class='ocrx_word' id='word_1_193' title='bbox 570 2920 675 2983; x_wconf 88' lang='lat' dir='ltr'><strong>locum</strong></span> <span class='ocrx_word' id='word_1_194' title='bbox 701 2941 882 3003; x_wconf 81' lang='lat' dir='ltr'><strong>regressus,</strong></span> <span class='ocrx_word' id='word_1_195' title='bbox 906 2920 1031 2984; x_wconf 87' lang='lat' dir='ltr'><strong>circus</strong></span> <span class='ocrx_word' id='word_1_196' title='bbox 1055 2924 1234 2983; x_wconf 83' lang='lat' dir='ltr'><strong>astantem</strong></span> <span class='ocrx_word' id='word_1_197' title='bbox 1259 2919 1310 2983; x_wconf 89' lang='lat' dir='ltr'><strong>hic</strong></span> <span class='ocrx_word' id='word_1_198' title='bbox 1333 2918 1421 2983; x_wconf 87' lang='lat' dir='ltr'><strong>linea</strong></span> 
     </span>
     <span class='ocr_line' id='line_1_25' title="bbox 411 3008 1421 3091; baseline -0.005 -17"><span class='ocrx_word' id='word_1_199' title='bbox 411 3009 556 3074; x_wconf 86' lang='lat' dir='ltr'><strong>ambiens</strong></span> <span class='ocrx_word' id='word_1_200' title='bbox 594 3009 765 3091; x_wconf 83' lang='lat' dir='ltr'><strong>sphaeram</strong></span> <span class='ocrx_word' id='word_1_201' title='bbox 804 3031 841 3071; x_wconf 87' lang='lat' dir='ltr'><strong>ae</strong></span> <span class='ocrx_word' id='word_1_202' title='bbox 876 3009 975 3071; x_wconf 85' lang='lat' dir='ltr'><strong>ueluti</strong></span> <span class='ocrx_word' id='word_1_203' title='bbox 1009 3010 1158 3071; x_wconf 85' lang='lat' dir='ltr'><strong>semitam</strong></span> <span class='ocrx_word' id='word_1_204' title='bbox 1191 3008 1325 3088; x_wconf 87' lang='lat' dir='ltr'><strong>faciens,</strong></span> <span class='ocrx_word' id='word_1_205' title='bbox 1362 3029 1421 3088; x_wconf 87' lang='lat' dir='ltr'><strong>per</strong></span> 
     </span>
     <span class='ocr_line' id='line_1_26' title="bbox 411 3096 1468 3182; baseline -0.006 -21"><span class='ocrx_word' id='word_1_206' title='bbox 411 3121 508 3182; x_wconf 87' lang='lat' dir='ltr'><strong>quam</strong></span> <span class='ocrx_word' id='word_1_207' title='bbox 528 3099 635 3161; x_wconf 91' lang='lat' dir='ltr'><strong>lumen</strong></span> <span class='ocrx_word' id='word_1_208' title='bbox 656 3101 828 3181; x_wconf 87' lang='lat' dir='ltr'><strong>utrumque</strong></span> <span class='ocrx_word' id='word_1_209' title='bbox 848 3096 1008 3180; x_wconf 81' lang='lat' dir='ltr'><strong>discurrit,</strong></span> <span class='ocrx_word' id='word_1_210' title='bbox 1029 3103 1061 3161; x_wconf 92' lang='lat' dir='ltr'><strong>et</strong></span> <span class='ocrx_word' id='word_1_211' title='bbox 1080 3099 1166 3160; x_wconf 89' lang='lat' dir='ltr'><strong>intra</strong></span> <span class='ocrx_word' id='word_1_212' title='bbox 1185 3119 1279 3180; x_wconf 87' lang='lat' dir='ltr'><strong>qnam</strong></span> <span class='ocrx_word' id='word_1_213' title='bbox 1300 3116 1421 3178; x_wconf 83' lang='lat' dir='ltr'><strong>nagan·</strong></span> <span class='ocrx_word' id='word_1_214' title='bbox 1437 3115 1468 3155; x_wconf 81' lang='lat' dir='ltr'><strong>es</strong></span> 
     </span>
     <span class='ocr_line' id='line_1_27' title="bbox 358 3183 1420 3270; baseline -0.003 -19"><span class='ocrx_word' id='word_1_215' title='bbox 358 3187 492 3259; x_wconf 78' lang='lat' dir='ltr'><strong>26tium</strong></span> <span class='ocrx_word' id='word_1_216' title='bbox 522 3185 689 3250; x_wconf 87' lang='lat' dir='ltr'><strong>stellarum</strong></span> <span class='ocrx_word' id='word_1_217' title='bbox 718 3207 807 3248; x_wconf 89' lang='lat' dir='ltr'><strong>error</strong></span> <span class='ocrx_word' id='word_1_218' title='bbox 836 3186 1003 3270; x_wconf 81' lang='lat' dir='ltr'><strong>legitimus</strong></span> <span class='ocrx_word' id='word_1_219' title='bbox 1028 3192 1199 3249; x_wconf 84' lang='lat' dir='ltr'><strong>coercetur.</strong></span> <span class='ocrx_word' id='word_1_220' title='bbox 1245 3206 1323 3268; x_wconf 89' lang='lat' dir='ltr'><strong>quas</strong></span> <span class='ocrx_word' id='word_1_221' title='bbox 1346 3183 1420 3248; x_wconf 89' lang='lat' dir='ltr'><strong>ideo</strong></span> 
     </span>
     <span class='ocr_line' id='line_1_28' title="bbox 412 3274 1423 3357; baseline -0.002 -17"><span class='ocrx_word' id='word_1_222' title='bbox 412 3282 537 3340; x_wconf 83' lang='lat' dir='ltr'><strong>ueteres</strong></span> <span class='ocrx_word' id='word_1_223' title='bbox 561 3296 666 3339; x_wconf 85' lang='lat' dir='ltr'><strong>errare</strong></span> <span class='ocrx_word' id='word_1_224' title='bbox 692 3274 848 3357; x_wconf 84' lang='lat' dir='ltr'><strong>dixerunt,</strong></span> <span class='ocrx_word' id='word_1_225' title='bbox 873 3275 949 3356; x_wconf 87' lang='lat' dir='ltr'><strong>quia</strong></span> <span class='ocrx_word' id='word_1_226' title='bbox 972 3279 1005 3337; x_wconf 90' lang='lat' dir='ltr'><strong>et</strong></span> <span class='ocrx_word' id='word_1_227' title='bbox 1027 3296 1120 3338; x_wconf 89' lang='lat' dir='ltr'><strong>cursu</strong></span> <span class='ocrx_word' id='word_1_228' title='bbox 1145 3296 1202 3337; x_wconf 90' lang='lat' dir='ltr'><strong>suo</strong></span> <span class='ocrx_word' id='word_1_229' title='bbox 1224 3274 1369 3338; x_wconf 88' lang='lat' dir='ltr'><strong>feruntur</strong></span> <span class='ocrx_word' id='word_1_230' title='bbox 1390 3279 1423 3338; x_wconf 86' lang='lat' dir='ltr'><strong>et</strong></span> 
     </span>
     <span class='ocr_line' id='line_1_29' title="bbox 412 3363 1421 3449; baseline -0.004 -19"><span class='ocrx_word' id='word_1_231' title='bbox 412 3373 525 3431; x_wconf 88' lang='lat' dir='ltr'><strong>eontra</strong></span> <span class='ocrx_word' id='word_1_232' title='bbox 545 3365 700 3449; x_wconf 80' lang='lat' dir='ltr'><strong>sphaerae</strong></span> <span class='ocrx_word' id='word_1_233' title='bbox 720 3364 887 3446; x_wconf 75' lang='lat' dir='ltr'><strong>prasimae,</strong></span> <span class='ocrx_word' id='word_1_234' title='bbox 911 3363 943 3426; x_wconf 91' lang='lat' dir='ltr'><strong>id</strong></span> <span class='ocrx_word' id='word_1_235' title='bbox 963 3368 1012 3427; x_wconf 88' lang='lat' dir='ltr'><strong>est</strong></span> <span class='ocrx_word' id='word_1_236' title='bbox 1031 3364 1132 3447; x_wconf 90' lang='lat' dir='ltr'><strong>ipsius</strong></span> <span class='ocrx_word' id='word_1_237' title='bbox 1152 3364 1241 3447; x_wconf 88' lang='lat' dir='ltr'><strong>caeli,</strong></span> <span class='ocrx_word' id='word_1_238' title='bbox 1265 3365 1421 3446; x_wconf 87' lang='lat' dir='ltr'><strong>impetum</strong></span> 
     </span>
     <span class='ocr_line' id='line_1_30' title="bbox 412 3453 1423 3537; baseline -0.004 -16"><span class='ocrx_word' id='word_1_239' title='bbox 412 3456 575 3521; x_wconf 82' lang='lat' dir='ltr'><strong>contrario</strong></span> <span class='ocrx_word' id='word_1_240' title='bbox 605 3458 693 3519; x_wconf 84' lang='lat' dir='ltr'><strong>mohr</strong></span> <span class='ocrx_word' id='word_1_241' title='bbox 723 3454 762 3517; x_wconf 87' lang='lat' dir='ltr'><strong>ad</strong></span> <span class='ocrx_word' id='word_1_242' title='bbox 791 3454 946 3517; x_wconf 82' lang='lat' dir='ltr'><strong>orientem</strong></span> <span class='ocrx_word' id='word_1_243' title='bbox 976 3454 1015 3517; x_wconf 86' lang='lat' dir='ltr'><strong>ah</strong></span> <span class='ocrx_word' id='word_1_244' title='bbox 1045 3454 1210 3517; x_wconf 88' lang='lat' dir='ltr'><strong>occidente</strong></span> <span class='ocrx_word' id='word_1_245' title='bbox 1238 3453 1423 3537; x_wconf 89' lang='lat' dir='ltr'><strong>uoluuntur,</strong></span> 
     </span>
     <span class='ocr_line' id='line_1_31' title="bbox 413 3542 1469 3627; baseline -0.008 -18"><span class='ocrx_word' id='word_1_246' title='bbox 413 3553 445 3609; x_wconf 92' lang='lat' dir='ltr'><strong>et</strong></span> <span class='ocrx_word' id='word_1_247' title='bbox 464 3547 607 3610; x_wconf 91' lang='lat' dir='ltr'><strong>omnium</strong></span> <span class='ocrx_word' id='word_1_248' title='bbox 628 3544 756 3627; x_wconf 90' lang='lat' dir='ltr'><strong>quidem</strong></span> <span class='ocrx_word' id='word_1_249' title='bbox 777 3566 836 3626; x_wconf 89' lang='lat' dir='ltr'><strong>par</strong></span> <span class='ocrx_word' id='word_1_250' title='bbox 854 3543 1004 3607; x_wconf 82' lang='lat' dir='ltr'><strong>celeritas</strong></span> <span class='ocrx_word' id='word_1_251' title='bbox 1024 3548 1130 3607; x_wconf 90' lang='lat' dir='ltr'><strong>motus</strong></span> <span class='ocrx_word' id='word_1_252' title='bbox 1150 3543 1264 3607; x_wconf 89' lang='lat' dir='ltr'><strong>similis</strong></span> <span class='ocrx_word' id='word_1_253' title='bbox 1284 3546 1316 3606; x_wconf 90' lang='lat' dir='ltr'><strong>et</strong></span> <span class='ocrx_word' id='word_1_254' title='bbox 1334 3542 1421 3607; x_wconf 92' lang='lat' dir='ltr'><strong>idem</strong></span> <span class='ocrx_word' id='word_1_255' title='bbox 1437 3561 1469 3601; x_wconf 85' lang='lat' dir='ltr'><strong>ao</strong></span> 
     </span>
     <span class='ocr_line' id='line_1_32' title="bbox 414 3633 1424 3716; baseline -0.002 -18"><span class='ocrx_word' id='word_1_256' title='bbox 414 3639 463 3699; x_wconf 88' lang='lat' dir='ltr'><strong>est</strong></span> <span class='ocrx_word' id='word_1_257' title='bbox 495 3633 609 3698; x_wconf 87' lang='lat' dir='ltr'><strong>modas</strong></span> <span class='ocrx_word' id='word_1_258' title='bbox 644 3633 786 3716; x_wconf 86' lang='lat' dir='ltr'><strong>meandi,</strong></span> <span class='ocrx_word' id='word_1_259' title='bbox 819 3633 875 3696; x_wconf 92' lang='lat' dir='ltr'><strong>sed</strong></span> <span class='ocrx_word' id='word_1_260' title='bbox 903 3654 968 3696; x_wconf 94' lang='lat' dir='ltr'><strong>non</strong></span> <span class='ocrx_word' id='word_1_261' title='bbox 999 3655 1109 3696; x_wconf 90' lang='lat' dir='ltr'><strong>omnes</strong></span> <span class='ocrx_word' id='word_1_262' title='bbox 1138 3633 1250 3696; x_wconf 89' lang='lat' dir='ltr'><strong>eodem</strong></span> <span class='ocrx_word' id='word_1_263' title='bbox 1278 3636 1424 3713; x_wconf 88' lang='lat' dir='ltr'><strong>tempore</strong></span> 
     </span>
     <span class='ocr_line' id='line_1_33' title="bbox 360 3720 1425 3804; baseline -0.002 -16"><span class='ocrx_word' id='word_1_264' title='bbox 360 3731 402 3794; x_wconf 80' lang='grc'><strong>27</strong></span> <span class='ocrx_word' id='word_1_265' title='bbox 415 3725 516 3788; x_wconf 87' lang='lat' dir='ltr'><strong>circos</strong></span> <span class='ocrx_word' id='word_1_266' title='bbox 540 3745 616 3787; x_wconf 89' lang='lat' dir='ltr'><strong>suos</strong></span> <span class='ocrx_word' id='word_1_267' title='bbox 640 3723 796 3804; x_wconf 83' lang='lat' dir='ltr'><strong>orbesque</strong></span> <span class='ocrx_word' id='word_1_268' title='bbox 821 3721 1003 3784; x_wconf 86' lang='lat' dir='ltr'><strong>conficiunt.</strong></span> <span class='ocrx_word' id='word_1_269' title='bbox 1051 3727 1082 3784; x_wconf 92' lang='lat' dir='ltr'><strong>et</strong></span> <span class='ocrx_word' id='word_1_270' title='bbox 1105 3721 1177 3785; x_wconf 87' lang='lat' dir='ltr'><strong>ideo</strong></span> <span class='ocrx_word' id='word_1_271' title='bbox 1201 3725 1252 3785; x_wconf 87' lang='lat' dir='ltr'><strong>est</strong></span> <span class='ocrx_word' id='word_1_272' title='bbox 1274 3720 1425 3786; x_wconf 87' lang='lat' dir='ltr'><strong>celeritas</strong></span> 
     </span>
     <span class='ocr_line' id='line_1_34' title="bbox 413 3808 1426 3895; baseline -0.003 -20"><span class='ocrx_word' id='word_1_273' title='bbox 413 3814 484 3895; x_wconf 85' lang='lat' dir='ltr'><strong>ipsa</strong></span> <span class='ocrx_word' id='word_1_274' title='bbox 508 3811 676 3892; x_wconf 85' lang='lat' dir='ltr'><strong>mirabilis,</strong></span> <span class='ocrx_word' id='word_1_275' title='bbox 702 3810 777 3892; x_wconf 88' lang='lat' dir='ltr'><strong>qnia</strong></span> <span class='ocrx_word' id='word_1_276' title='bbox 801 3831 873 3873; x_wconf 86' lang='lat' dir='ltr'><strong>eum</strong></span> <span class='ocrx_word' id='word_1_277' title='bbox 899 3809 941 3872; x_wconf 88' lang='lat' dir='ltr'><strong>sit</strong></span> <span class='ocrx_word' id='word_1_278' title='bbox 966 3809 1076 3873; x_wconf 89' lang='lat' dir='ltr'><strong>eadem</strong></span> <span class='ocrx_word' id='word_1_279' title='bbox 1102 3809 1255 3891; x_wconf 91' lang='lat' dir='ltr'><strong>omnium,</strong></span> <span class='ocrx_word' id='word_1_280' title='bbox 1278 3829 1335 3871; x_wconf 90' lang='lat' dir='ltr'><strong>nee</strong></span> <span class='ocrx_word' id='word_1_281' title='bbox 1354 3808 1426 3872; x_wconf 89' lang='lat' dir='ltr'><strong>nlla</strong></span> 
     </span>
    </p>
   </div>
   <div class='ocr_carea' id='block_1_3' title="bbox 411 3955 624 3965">
    <p class='ocr_par' dir='ltr' id='par_1_3' title="bbox 411 3955 624 3965">
     <span class='ocr_line' id='line_1_35' title="bbox 411 3955 624 3965; baseline -0.019 0"><span class='ocrx_word' id='word_1_282' title='bbox 411 3955 624 3965; x_wconf 76' lang='lat'><strong>——-—-.-.-</strong></span> 
     </span>
    </p>
   </div>
   <div class='ocr_carea' id='block_1_4' title="bbox 412 4031 1427 4237">
    <p class='ocr_par' dir='ltr' id='par_1_4' title="bbox 412 4031 1427 4237">
     <span class='ocr_line' id='line_1_36' title="bbox 483 4031 1427 4110; baseline -0.003 -19"><span class='ocrx_word' id='word_1_283' title='bbox 483 4039 598 4110; x_wconf 67' lang='lat' dir='ltr'><strong>Blppra</strong></span> <span class='ocrx_word' id='word_1_284' title='bbox 617 4035 652 4090; x_wconf 90' lang='lat' dir='ltr'><strong>P&#39;</strong></span> <span class='ocrx_word' id='word_1_285' title='bbox 710 4038 782 4091; x_wconf 75' lang='lat' dir='ltr'><strong>bod</strong></span> <span class='ocrx_word' id='word_1_286' title='bbox 801 4035 1026 4090; x_wconf 84' lang='lat' dir='ltr'><strong>deseraturodd.</strong></span> <span class='ocrx_word' id='word_1_287' title='bbox 1047 4035 1261 4102; x_wconf 85' lang='lat' dir='ltr'><strong>trequiratnrp</strong></span> <span class='ocrx_word' id='word_1_288' title='bbox 1315 4031 1427 4100; x_wconf 69' lang='lat' dir='ltr'><strong>tepla·</strong></span> 
     </span>
     <span class='ocr_line' id='line_1_37' title="bbox 412 4101 1425 4174; baseline -0.011 -8"><span class='ocrx_word' id='word_1_289' title='bbox 412 4111 462 4166; x_wconf 88' lang='lat' dir='ltr'><strong>nel</strong></span> <span class='ocrx_word' id='word_1_290' title='bbox 475 4111 502 4162; x_wconf 89' lang='lat' dir='ltr'><strong><em>P</em></strong></span> <span class='ocrx_word' id='word_1_291' title='bbox 566 4116 597 4161; x_wconf 78' lang='lat'><strong>1‘2</strong></span> <span class='ocrx_word' id='word_1_292' title='bbox 618 4112 646 4161; x_wconf 90' lang='lat' dir='ltr'><strong>ct</strong></span> <span class='ocrx_word' id='word_1_293' title='bbox 665 4108 759 4162; x_wconf 79' lang='lat' dir='ltr'><strong>ooaP</strong></span> <span class='ocrx_word' id='word_1_294' title='bbox 822 4101 980 4174; x_wconf 68' lang='lat' dir='ltr'><strong>loquisF</strong></span> <span class='ocrx_word' id='word_1_295' title='bbox 1040 4106 1212 4159; x_wconf 74' lang='lat' dir='ltr'><strong>tolocoeP</strong></span> <span class='ocrx_word' id='word_1_296' title='bbox 1270 4102 1425 4157; x_wconf 74' lang='lat' dir='ltr'><strong>aehaoP‘</strong></span> 
     </span>
     <span class='ocr_line' id='line_1_38' title="bbox 413 4177 1010 4237; baseline -0.012 -2"><span class='ocrx_word' id='word_1_297' title='bbox 413 4189 447 4237; x_wconf 79' lang='grc'><strong>26</strong></span> <span class='ocrx_word' id='word_1_298' title='bbox 466 4180 579 4235; x_wconf 79' lang='lat' dir='ltr'><strong>letamul</strong></span> <span class='ocrx_word' id='word_1_299' title='bbox 594 4178 630 4231; x_wconf 86' lang='lat' dir='ltr'><strong>P&#39;</strong></span> <span class='ocrx_word' id='word_1_300' title='bbox 687 4185 719 4231; x_wconf 83' lang='grc'><strong>31</strong></span> <span class='ocrx_word' id='word_1_301' title='bbox 741 4177 834 4232; x_wconf 85' lang='lat' dir='ltr'><strong>motus</strong></span> <span class='ocrx_word' id='word_1_302' title='bbox 849 4177 961 4231; x_wconf 84' lang='lat' dir='ltr'><strong>meandi</strong></span> <span class='ocrx_word' id='word_1_303' title='bbox 983 4177 1010 4228; x_wconf 92' lang='lat' dir='ltr'><strong><em>P</em></strong></span> 
     </span>
    </p>
   </div>
   <div class='ocr_carea' id='block_1_5' title="bbox 0 0 1683 5190">
    <p class='ocr_par' dir='ltr' id='par_1_5' title="bbox 0 0 1683 5190">
     <span class='ocr_line' id='line_1_39' title="bbox 0 0 1683 5190; baseline 0 0"><span class='ocrx_word' id='word_1_304' title='bbox 0 0 1683 5190; x_wconf 95' lang='lat' dir='ltr'><strong> </strong></span> 
     </span>
    </p>
   </div>
  </div>
 </body>
</html>
