3322 5190
614 1728 764 1795 LIBER
786 1726 1033 1794 SEPTIMVS

406 1872 523 1938 Primis
547 1872 668 1938 mensis
690 1874 766 1957 post
784 1871 897 1958 epulas
917 1871 984 1936 iam
1003 1870 1138 1936 remotis
1157 1872 1191 1935 et
1209 1863 1357 1935 disum-I

317 1986 387 2030 sum
425 1963 631 2029 uariautibus
668 1962 796 2049 poculis
834 1960 1066 2028 minutioribus
1105 1958 1333 2027 Praetextatus

317 2052 424 2120 ‘solet'
458 2053 564 2138 inquit
596 2052 714 2137 bibus,
750 2075 824 2119 eum
857 2051 1008 2137 sumitur,
1045 2050 1163 2117 tacitos
1196 2049 1334 2135 efficere,

317 2149 414 2231 potus
438 2144 597 2227 loquaces.
640 2146 676 2206 at
698 2165 758 2206 nos
783 2144 817 2207 et
838 2143 924 2206 inter
947 2142 1064 2226 pocula
1083 2141 1226 2225 silemus,
1250 2143 1333 2205 tam-

290 2254 416 2318 aquam
453 2232 570 2296 debeat
605 2230 698 2296 scriis
735 2231 788 2294 uel
825 2231 925 2295 etiam
957 2229 1191 2314 philosophicis
1223 2250 1333 2294 carere

318 2319 512 2386 tractatibus
535 2319 600 2384 tela
624 2317 832 2383 conuiuiuru’.

406 2407 453 2474 Idt
481 2406 696 2494 Symmachus
729 2406 897 2473 ‘uerumuc
928 2407 976 2473 ita
1009 2406 1123 2490 sentis,
1156 2405 1264 2489 Vetti,
1296 2401 1364 2471 uta

318 2497 527 2585 philosophia
554 2496 712 2564 conuiuiis
740 2497 885 2580 intersit,
912 2499 945 2562 et
972 2519 1038 2562 non
1066 2499 1235 2581 tamquam
1259 2517 1333 2562 ceu-

319 2588 407 2655 soria
432 2587 591 2673 quaedam
615 2591 648 2652 ct
670 2587 744 2672 plus
764 2587 864 2653 nimio
885 2584 1067 2652 uerecunda
1085 2585 1334 2651 materfamilias

280 2706 306 2746 ro
320 2678 543 2764 penetralibus
571 2677 638 2742 suis
663 2676 882 2760 contineatur,
909 2697 967 2741 nec
990 2676 1126 2740 misceat
1150 2698 1184 2740 se
1207 2673 1335 2756 Libero,

321 2768 371 2832 cui
400 2766 500 2831 etiam
528 2767 688 2831 tumultus
717 2765 893 2830 familiares
921 2767 1011 2848 sunt,
1039 2786 1112 2830 cnm
1140 2763 1212 2847 ipsa
1238 2763 1334 2828 huius

320 2855 364 2920 sit
396 2854 623 2936 uerecundiae,
661 2856 698 2916 ut
728 2853 901 2936 strepitum
934 2875 999 2917 non
1031 2851 1126 2917 modo
1160 2852 1334 2917 uerborum

321 2941 375 3008 sed
399 2965 440 3007 ne
464 2942 699 3027 cogitationum
719 2941 848 3025 quidem
867 2942 902 3006 in
923 2941 1100 3005 sacrarium
1120 2960 1197 3004 suae
1217 2939 1335 3023 quietis

322 3031 498 3096 admittat?
536 3031 651 3096 doceat
673 3052 733 3095 nos
759 3031 809 3095 uel
834 3030 1007 3115 peregrina
1030 3028 1194 3094 institutio
1219 3030 1252 3092 et
1270 3021 1366 3092 dis-3

281 3119 443 3206 racipliua
471 3119 643 3186 aI‘artlris
672 3119 790 3205 petita,
819 3121 874 3205 qui
902 3119 1007 3185 solent
1035 3140 1107 3183 cum
1136 3115 1336 3199 concubinis,

321 3232 386 3275 non
411 3232 484 3274 cum
508 3209 713 3294 coniugibus,
739 3207 821 3272 inire
845 3209 1005 3293 conuiuia,
1030 3211 1196 3292 tamquam
1220 3205 1280 3270 has
1304 3209 1338 3270 et

321 3298 356 3364 in
385 3299 502 3383 uulgus
530 3297 662 3383 produci
686 3302 720 3362 et
742 3296 892 3362 lasciuire
916 3317 1057 3382 quoque,
1086 3294 1160 3360 illas
1184 3316 1251 3359 nou
1272 3293 1336 3358 nisi

321 3386 409 3452 domi
437 3387 564 3451 abditas
592 3387 676 3451 tucri
705 3385 818 3451 deceat
845 3388 967 3451 tectum
996 3383 1160 3470 pudorem.
1207 3405 1250 3448 an
1277 3375 1370 3469 ego4

322 3497 469 3541 censeam
507 3474 746 3560 procudendum
784 3473 1042 3558 philosophiam,
1080 3494 1143 3558 quo
1176 3471 1339 3536 rhetorica

281 3593 308 3633 so
322 3564 432 3630 uenire
456 3587 508 3628 ars
533 3569 566 3629 et
584 3563 743 3650 professio
763 3562 931 3648 popularis
950 3561 1101 3628 erubuit?
1140 3560 1339 3626 Isocrates

322 3652 408 3717 enim
441 3652 585 3718 Graecus
624 3655 748 3737 orator,
785 3652 841 3737 qui
878 3650 980 3716 uerba
1016 3649 1107 3735 prius
1144 3649 1247 3714 libera
1279 3648 1339 3713 sub

322 3761 473 3806 numeros
498 3742 545 3805 ire
568 3741 691 3824 primus
716 3743 832 3825 coegit,
856 3762 928 3804 cum
951 3740 986 3804 in
1010 3737 1161 3804 conuiuio
1181 3759 1201 3801 a
1220 3736 1339 3802 sodali-

323 3828 385 3894 bus
419 3833 578 3914 oraretur,
610 3833 647 3894 ut
680 3828 802 3913 aliquid
835 3829 869 3893 in
901 3826 1043 3892 medium
1071 3826 1109 3891 de
1137 3824 1340 3910 eloquentiae

326 3941 403 3984 suae
440 3919 531 3984 fonte
569 3918 742 4003 proferret,
779 3917 863 3983 hana
896 3916 1026 3983 ueniam
1059 3915 1249 4001 deprecatus
1282 3915 1340 3979 est.

394 4110 574 4167 tlimachus
590 4111 618 4166 P
686 4128 814 4166 uerumm
833 4110 870 4166 P'
941 4109 1172 4166 breuerendaP
1242 4112 1276 4161 14
1294 4107 1341 4162 uel

323 4181 470 4252 drlorplma
488 4184 516 4237 P
579 4189 612 4239 16
631 4182 712 4253 egib3
732 4182 768 4236 P‘
831 4187 863 4235 19
883 4181 1018 4238 rbhorrea
1037 4181 1065 4236 P
1115 4178 1345 4236 susurrator?

324 4259 359 4308 22
377 4253 485 4325 primns
499 4270 550 4310 our.
570 4255 598 4308 P
645 4261 680 4309 at
699 4256 753 4309 hae
772 4270 855 4309 uenia
872 4255 901 4309 P
