3322 5190
323 845 368 909 24
716 841 796 898 ΒΔΤ.
813 840 912 898 LIBRI
929 842 944 897 1

295 1006 462 1073 Bhonoris
495 1005 636 1071 babitus.
689 1005 745 1070 sed
778 1009 893 1089 postea
930 1005 1143 1091 Tarquinius,
1174 1005 1343 1073 Demarati

326 1095 432 1161 exulis
456 1093 617 1161 Corinthii
636 1095 733 1176 iilius,
755 1093 895 1177 Priscus,
919 1115 1015 1178 quem
1035 1094 1165 1178 quidam
1185 1094 1343 1164 Lucumo·

326 1207 403 1251 nem
421 1185 604 1250 uocitatum
624 1183 743 1267 ferunt,
766 1203 822 1248 rex
840 1183 956 1248 tertius
976 1184 1017 1249 ab
1036 1182 1189 1268 Hostilio,
1207 1185 1344 1268 quintus

326 1299 346 1341 a
379 1274 533 1359 Romulo,
564 1273 605 1339 de
637 1272 768 1339 Sabinis
797 1272 865 1356 egit
897 1272 1108 1358 triumphum.
1158 1295 1222 1359 quo
1253 1274 1343 1341 bello

326 1365 429 1429 filium
452 1386 546 1429 suum
566 1385 670 1428 annos
690 1362 948 1447 quattuordecim
967 1367 1079 1427 netum
1103 1364 1187 1446 quod
1211 1362 1342 1429 hostem
1371 1392 1384 1432 a

326 1476 426 1518 manu
453 1458 671 1537 percusserat,
700 1455 733 1515 et
754 1472 813 1535 pro
838 1451 990 1516 contione
1018 1451 1162 1516 laudauit
1191 1458 1224 1516 et
1251 1453 1345 1518 bulla

296 1543 428 1607 ilaurea
454 1545 690 1625 praetextaque
714 1538 861 1621 donauit,
889 1539 1068 1625 insigniens
1092 1562 1227 1623 puerum
1255 1543 1346 1607 ultra

327 1651 432 1695 annos
464 1630 583 1694 fortem
616 1627 770 1713 praemiis
801 1626 969 1692 uirilitatis
1002 1633 1035 1692 et
1066 1628 1209 1693 honoris.
1264 1652 1344 1695 nam

327 1719 411 1783 sicut
434 1720 604 1802 praetexta
622 1717 882 1799 magistratuum,
905 1717 953 1779 ita
972 1716 1061 1780 bulla
1079 1719 1247 1801 gestamen
1270 1723 1345 1783 erat

327 1805 614 1889 triumphantium,
637 1825 734 1888 quarn
763 1804 797 1866 in
824 1804 990 1886 triumpho
1017 1825 1095 1888 prae
1118 1826 1154 1868 se
1181 1805 1343 1889 gerebant
1358 1833 1384 1871 ιο

327 1893 462 1957 inclusis
490 1893 577 1956 intra
605 1913 676 1955 eam
704 1890 854 1954 remediis
884 1913 965 1973 quae
994 1892 1160 1955 crederent
1187 1892 1344 1957 aduersus

277 1981 318 2044 10
328 1981 487 2045 inuidiam
502 1980 735 2045 ualentissima
763 1979 840 2042 binc
858 1978 1013 2045 deductus
1028 2002 1108 2064 mos,
1123 1984 1160 2044 ut
1174 1986 1346 2065 praetexta

330 2075 363 2135 ct
388 2069 478 2135 bulla
500 2070 534 2135 in
558 2091 652 2134 usum
676 2090 850 2153 puerorum
873 2068 1032 2132 nobilium
1050 2075 1284 2153 usurparentur
1302 2071 1345 2136 ad

329 2182 425 2225 omen
459 2181 496 2224 ac
534 2162 614 2223 uota
646 2157 867 2223 conciliandae
899 2157 1032 2223 uirtutis
1065 2159 1093 2223 ei
1127 2159 1259 2244 similis,
1291 2163 1345 2226 cui

328 2247 442 2331 primis
466 2247 501 2310 in
524 2245 619 2310 annis
643 2266 780 2309 munera
802 2245 866 2309 ista
888 2251 1063 2311 cesserunt
1360 2257 1386 2297 ¹⁶

282 2336 319 2397 11
423 2333 488 2398 alii
512 2337 631 2418 putant
654 2332 790 2397 eundem
813 2332 957 2396 Priscum
986 2354 1059 2396 cum
1082 2337 1204 2399 statam
1228 2336 1347 2400 ciuium

334 2421 482 2486 sollertis
514 2420 644 2505 prouidi
671 2420 827 2505 principis
856 2420 1035 2502 ordinaret,
1067 2421 1191 2486 cultum
1218 2444 1347 2506 quoque

333 2511 549 2595 ingenuorum
578 2530 751 2594 puerorum
784 2508 870 2572 inter
896 2509 1069 2593 praecipua
1096 2510 1226 2575 duxisse
1252 2511 1347 2577 insti-

334 2600 498 2683 tuisseque
521 2601 559 2660 ut
580 2597 709 2680 patricii
733 2597 824 2661 bulla
852 2618 950 2662 aurea
973 2619 1046 2661 cum
1074 2602 1166 2684 toga,
1194 2600 1244 2664 cui
1271 2622 1348 2685 pnr-

334 2709 416 2771 pura
452 2687 665 2771 praetexitur,
702 2688 883 2768 uterentur,
919 2685 1090 2751 dumtaxat
1124 2688 1172 2752 illi
1209 2703 1388 2773 qnorun1³⁰

282 2778 441 2861 l2patres
466 2775 611 2840 curulem
636 2778 805 2859 gesserant
828 2774 1069 2859 magistratum:
1093 2777 1208 2842 ceteris
1236 2784 1346 2844 autem

331 2870 369 2928 ut
391 2869 562 2947 praetexta
582 2868 711 2927 tantum
731 2865 898 2926 uterentur
911 2862 1083 2946 indultum,
1106 2865 1161 2929 sed
1184 2888 1286 2950 usque
1305 2870 1347 2933 ad

333 2973 389 3016 eos
413 2973 549 3036 quorum
574 2954 727 3034 parentes
751 2973 833 3033 equo
852 2951 1014 3036 stipendia
1036 2951 1124 3015 iusta
1143 2957 1346 3021 meruissent

333 3039 493 3104 libertinis
523 3060 601 3103 uero
633 3038 726 3102 nullo
759 3039 827 3102 iure
859 3040 908 3102 uti
937 3041 1114 3123 praetextis
1144 3041 1277 3125 licebat,
1308 3066 1347 3109 ac

334 3129 436 3193 multo
460 3127 566 3192 minus
590 3127 785 3211 peregrinis,
814 3127 931 3210 quibus
958 3128 1049 3192 nulla
1072 3133 1159 3193 esset
1185 3152 1256 3195 cnm
1281 3131 1345 3196 Ro·
1362 3145 1388 3184 2⁶

281 3216 439 3282 13manis
466 3213 680 3281 necessitudo.
735 3215 790 3280 sed
819 3224 934 3299 postea
966 3216 1191 3282 libertinorum
1219 3242 1347 3306 quoqne

333 3304 410 3369 filiis
447 3307 618 3388 praetexta
655 3324 808 3368 concessa
845 3310 895 3368 est
931 3326 970 3368 ex
1006 3327 1103 3369 causa
1140 3306 1212 3390 tali,
1247 3331 1347 3392 quam

333 3391 375 3456 M.
389 3390 543 3457 Lannlvs
565 3412 668 3476 augur
686 3392 794 3475 refert,
812 3393 875 3474 qni
895 3391 1000 3457 bello
1021 3393 1163 3457 Punico
1179 3396 1347 3462 secundo

333 3479 558 3544 duumuiros
593 3479 672 3543 dicit
704 3500 747 3542 ex
780 3483 937 3543 senatus
970 3482 1149 3545 consulto
1187 3487 1348 3568 propter

334 3568 455 3630 multa
493 3567 677 3651 prodigia
715 3567 838 3630 libros
875 3565 1095 3649 Sibyllinos
1131 3569 1271 3653 adisse,
1309 3577 1388 3636 eta

406 3773 550 3827 lhabrtui
569 3790 619 3830 orn.
639 3775 667 3827 P
722 3773 908 3827 2chorrntbn
928 3773 955 3826 B
1010 3777 1257 3843 equatuordecnn
1277 3781 1305 3833 B

333 3848 348 3896 ‘l
368 3843 509 3911 infrgnenl
525 3842 559 3897 1y
632 3849 665 3897 12
681 3851 744 3913 poet
762 3843 951 3896 ualentissima
969 3845 1055 3926 deleto
1073 3852 1110 3898 nu
1129 3847 1200 3899 sicut
1217 3851 1347 3916 pretoria

332 3915 546 3984 magistratuum
568 3916 572 3986 Ι
593 3917 634 3969 rte
658 3914 737 3969 bulla
759 3913 903 3984 gestamen
926 3917 987 3967 erat
1009 3933 1040 3968 m
1060 3916 1088 3969 P
1150 3923 1182 3970 16
1201 3922 1345 3976 *statum

333 3987 369 4111 a·
388 3985 800 4113 eruemur,
813 3991 849 4111 e
865 3985 1024 4111 {estes
1082 3988 1198 4114 ree

331 4075 549 4255 magils'trptffpff
564 4076 596 4253 lif
610 4075 680 4255 leu
694 4128 808 4184 lucebat
828 4127 862 4182 1⁷
916 4097 951 4183 b8
967 4129 1078 4183 marcus
1088 4129 1148 4185 BP
1201 4140 1235 4188 80
1248 4134 1348 4189 nuilla

331 4217 368 4256 no
424 4240 433 4271 ,
461 4220 509 4271 yx
544 4218 580 4256 no
