3322 5190
329 815 372 879 92
719 813 798 869 SAT.
816 814 913 870 LIBRI
933 815 945 868 Ι

330 997 404 1041 cum
444 982 552 1041 tamen
591 977 711 1061 pestis,
747 998 829 1059 quae
862 978 903 1041 ab
936 997 974 1040 eo
1007 976 1113 1039 noxiis
1145 976 1345 1062 immittitur,

277 1067 442 1151 ansperto
470 1065 556 1130 bunc
584 1063 679 1130 (lcum
708 1063 802 1129 bonis
826 1086 1031 1150 propugnare
1055 1063 1224 1149 significet.
1270 1067 1346 1131 hino

331 1159 396 1240 est,
437 1154 522 1239 quotl
564 1153 649 1238 apud
690 1153 878 1238 Pachynum
916 1152 1044 1218 Siciliae
1085 1156 1346 1237 promuntorium

331 1242 473 1328 Apollo
492 1243 721 1328 Libystinns
739 1243 857 1308 eximia
871 1242 1027 1327 religione
1042 1243 1231 1307 celebratur.
1268 1267 1345 1310 nam

331 1352 404 1397 cum
427 1331 546 1418 Libyes
575 1332 721 1397 inuasuri
744 1329 887 1397 Siciliam
917 1331 1054 1396 classem
1078 1332 1281 1415 appulissent
1303 1333 1343 1399 ad
1373 1352 1387 1390 e

330 1419 363 1486 id
391 1422 665 1506 promuntorium,
693 1421 827 1504 Apollo,
857 1420 912 1504 qui
940 1420 987 1484 ibi
1016 1418 1148 1504 colitur,
1175 1421 1346 1487 inuocatus

331 1508 372 1574 ab
406 1509 520 1574 incolis
551 1511 688 1575 inmissa
719 1510 869 1574 hostibus
899 1512 991 1592 peste
1023 1513 1056 1574 et
1084 1530 1186 1592 paene
1220 1510 1346 1575 cunctis

331 1597 440 1664 subita
463 1603 568 1664 morte
591 1598 778 1683 interceptis
802 1597 993 1682 Libystinus
1017 1599 1263 1684 cognominatus
1288 1603 1346 1664 est

278 1688 455 1755 25nostris
489 1710 616 1773 quoque
643 1689 828 1753 continetur
856 1687 1028 1753 cunalibus
1057 1688 1173 1753 similis
1202 1689 1346 1754 eiusdem

332 1774 384 1841 dei
407 1778 609 1863 praesentiae
627 1779 790 1842 maiestas.
826 1799 902 1841 nam
921 1798 994 1841 cum
1015 1776 1082 1841 ludi
1100 1776 1223 1842 Romae
1244 1778 1345 1862 Apol·
1362 1792 1387 1828 ¹⁰

333 1864 391 1929 lini
410 1866 650 1930 celebrarentur
668 1887 707 1930 ex
726 1865 883 1931 uaticinio
903 1864 1015 1931 Marcii
1036 1867 1121 1930 uatis
1141 1865 1346 1950 carmineque

332 1950 510 2038 Sibyllino,
542 1955 711 2040 repentino
744 1955 848 2020 hoslis
882 1955 1022 2020 aduentu
1057 1954 1148 2038 plebs
1181 1954 1221 2018 ad
1254 1977 1346 2019 arma

332 2043 473 2108 excitata
487 2044 627 2108 occurrit
645 2043 742 2127 hosti,
758 2065 858 2129 coque
873 2047 1018 2129 tempore
1032 2043 1134 2108 nubes
1148 2043 1346 2129 sagittarum

332 2131 366 2196 in
395 2132 548 2198 aduersos
577 2134 647 2199 uisa
675 2135 753 2198 ierri
781 2138 814 2198 st
842 2134 966 2198 lrostcrn
995 2133 1124 2220 fugauit
1149 2137 1182 2196 el
1204 2134 1346 2198 uictores

332 2218 497 2287 Romanos
531 2222 570 2287 ad
598 2223 783 2306 spectacula
810 2222 860 2287 dei
889 2222 1054 2306 sospitalis
1083 2221 1218 2289 retinxit
1268 2224 1386 2288 lrinc¹⁵

332 2309 535 2394 intellegitur
547 2310 665 2392 proelii
680 2331 786 2392 causa,
804 2331 869 2374 nou
883 2310 1099 2393 pestilentiae,
1117 2311 1202 2373 sicut
1214 2311 1346 2392 quidam

278 2397 520 2475 roscelinum,
554 2396 648 2461 ludos
680 2398 860 2462 institutos.
915 2397 995 2462 haec
1027 2401 1077 2460 est
1108 2405 1217 2461 autem
1249 2397 1347 2462 huius

332 2485 570 2550 aestimationis
588 2485 684 2570 ratio,
704 2486 790 2569 quod
810 2490 887 2549 tune
905 2486 956 2549 sol
975 2506 1072 2568 super
1090 2485 1197 2568 ipsum
1215 2489 1348 2550 nostrae

332 2571 546 2639 habitationis
574 2574 729 2639 uerticem
757 2574 870 2660 fulget
916 2596 992 2639 nam
1016 2572 1140 2638 Cancer
1164 2574 1199 2637 in
1222 2573 1346 2638 aestiuo

332 2661 456 2746 tropico
490 2667 555 2746 est,
591 2663 625 2727 in
657 2685 721 2747 quo
755 2668 882 2729 meante
915 2664 984 2728 sole
1018 2661 1100 2727 radii
1133 2666 1387 2746 temperamus

330 2754 476 2816 nostram
517 2774 582 2817 uon
624 2753 751 2818 euriuus
793 2753 848 2818 sed
890 2775 1026 2837 superne
1073 2751 1206 2818 demissi
1249 2754 1347 2817 rectis

333 2840 513 2926 fulgoribus
538 2842 686 2907 lustrant.
724 2842 808 2907 uude
828 2843 1035 2906 aestimatum
1056 2847 1107 2907 est
1126 2867 1145 2906 a
1164 2864 1228 2906 non
1247 2842 1348 2907 nullis

332 2928 372 2994 ad
382 2930 623 3014 propitiandum
635 2936 712 2996 tunc
723 2933 861 2997 maxime
872 2931 965 2996 deum
976 2931 1092 2996 caloris
1103 2931 1347 3016 Apollinaribus

279 3017 429 3085 Pilitari.
479 3019 534 3083 sed
562 3020 691 3084 inuenio
721 3021 753 3085 in
781 3021 900 3085 litteris
928 3020 989 3085 hos
1017 3020 1109 3084 ludos
1143 3020 1349 3102 uictoriae,

332 3127 408 3172 non
426 3106 660 3173 ualitudinis
679 3131 808 3193 causa,
828 3113 863 3173 ut
882 3108 1013 3193 quidam
1032 3126 1216 3173 suusmvri
1235 3126 1345 3173 sclur-
1360 3122 1386 3158 ²³

332 3210 446 3259 nouas
470 3202 662 3279 memorant,
685 3197 901 3262 iustitutos.
948 3196 1053 3261 bello
1078 3198 1177 3261 enim
1203 3197 1347 3261 Punico

333 3282 371 3348 lri
395 3282 475 3348 ludi
499 3306 541 3349 er
565 3285 678 3350 libris
702 3283 910 3370 Sibyllinis
934 3287 1097 3369 primum
1122 3290 1211 3350 sunt
1234 3286 1349 3351 insti·

332 3373 408 3437 tuti
445 3374 631 3439 suadente
664 3375 844 3440 Cornelio
878 3374 977 3440 ltut'o
1016 3376 1246 3455 decemuiro,
1283 3376 1347 3459 qui

332 3468 541 3547 propterea
560 3461 712 3548 Sibylla
735 3466 1033 3550 cognominatus
1056 3469 1127 3548 est,
1150 3469 1188 3528 et
1211 3471 1347 3547 postea

332 3555 519 3634 corrupto
544 3553 697 3617 nomine
721 3555 868 3635 primus
892 3555 1022 3637 coepit
1041 3552 1149 3638 Sylla
1168 3553 1387 3617 uocitari.so

403 3762 513 3816 tdrem
530 3763 558 3816 P
610 3763 792 3832 spechrnum
808 3765 869 3818 BP
917 3765 1110 3838 prmnniclorrir
1128 3763 1155 3815 P
1207 3763 1346 3831 llrbyitr·

331 3832 438 3888 nul-
463 3840 479 3887 8
504 3832 605 3903 Apollo
633 3852 684 3890 oar.
708 3835 736 3888 P
823 3834 983 3890 'limmrila
1007 3834 1034 3888 P
1120 3833 1302 3888 alrbrltrnul
1322 3834 1350 3887 P

333 3910 366 3958 10
385 3905 529 3977 preciculp
551 3904 584 3958 ll'
648 3913 677 3959 ιι
699 3909 793 3960 martir
814 3908 875 3960 BP
933 3913 965 3958 lt
984 3904 1108 3959 irbrllrno
1126 3905 1154 3958 P
1207 3911 1239 3957 ll
1259 3906 1346 3958 ollem

332 3974 368 4030 P'
437 3981 467 4029 le
498 3976 587 4029 uuelu
605 3976 632 4029 P
694 3978 913 4032 ildemrffuP
979 3974 1246 4030 asemmstsmlt
1311 3982 1346 4028 23

331 4043 481 4115 apollinem
495 4046 528 4099 ul
542 4051 573 4100 el
591 4048 650 4101 criel.
670 4047 704 4099 B‘
773 4054 808 4102 tt
827 4046 993 4102 ualitudmri
1009 4047 1036 4100 Β
1103 4052 1137 4099 26
1157 4063 1232 4100 cmm
1250 4062 1304 4100 oin.
1323 4046 1351 4098 P

331 4120 366 4170 a?
386 4112 520 4251 rlbllllmi'
530 4117 556 4170 P
606 4122 640 4169 :lt
661 4115 752 4171 sibilla
772 4118 799 4171 P
849 4124 883 4172 ³0
903 4118 963 4173 lilla
982 4121 1114 4172 nocitum
1132 4117 1347 4186 (primituelceit

332 4201 395 4240 uoci
410 4202 461 4255 nur
