3322 5190
326 781 370 845 34
724 777 800 835 SA'l'.
819 777 918 834 LIBRI
937 777 950 832 1

327 946 478 1009 rentur:
495 940 535 1005 hi
555 960 645 1024 ergo
665 961 747 1005 sum
767 962 786 1004 a
804 939 1027 1005 latronibus
1041 939 1341 1023 infestarentur,

328 1032 518 1115 occupato
551 1028 654 1094 edito
687 1027 785 1093 colle
813 1026 1017 1093 Saturnios
1048 1049 1087 1092 ss
1119 1027 1341 1092 nominaue-

327 1123 431 1202 runt,
455 1139 526 1202 quo
546 1121 635 1182 ants
658 1118 811 1181 nomine
836 1117 953 1181 etiam
976 1116 1073 1180 idem
1097 1115 1207 1180 collis
1226 1138 1342 1182 uoca-

328 1208 457 1289 batur,
485 1210 523 1270 st
545 1207 634 1290 quia
661 1226 700 1268 se
724 1205 836 1269 huius
864 1203 924 1268 dei
956 1207 1162 1268 senserunt
1187 1204 1341 1269 nomine

329 1318 372 1362 au
400 1294 592 1381 religione
619 1297 741 1376 tutos,
773 1293 996 1358 instituisse
1025 1290 1253 1358 Saturnalia
1285 1293 1340 1358 fe·
1369 1317 1383 1359 s

328 1387 483 1468 runtur‚
510 1386 552 1447 ut
579 1384 755 1467 agrestes
773 1381 991 1446 uicinorum
1020 1381 1168 1446 animos
1196 1380 1241 1445 ad
1265 1403 1343 1445 ma·

328 1473 448 1537 iorem
472 1470 575 1536 sauri
598 1469 856 1534 reuerentiam
880 1469 964 1554 ipsa
987 1468 1126 1533 indicti
1157 1468 1251 1534 festi
1275 1468 1342 1532 ob·

329 1560 500 1625 seruatio
523 1561 688 1622 uocaret.

276 1650 319 1716 28
419 1646 488 1712 Nes
515 1646 606 1711 illam
634 1666 765 1710 causam
789 1665 870 1729 quae
893 1640 1120 1709 Saturnalibus
1148 1642 1343 1728 adsignatur

331 1738 462 1821 ignoro,
488 1733 573 1818 quod
600 1733 769 1817 Pelasgi,
796 1734 881 1798 sicut
908 1731 1032 1798 Vsnrro
1063 1735 1235 1814 memorat,
1257 1753 1340 1796 curn
1356 1757 1383 1796 ιο

331 1823 487 1889 sedibus
526 1822 606 1887 suis
639 1821 743 1906 pulsi
772 1819 946 1886 diuersas
974 1828 1099 1886 terras
1132 1821 1342 1905 petissent,

331 1911 606 1978 confluxerunt
624 1909 1009 1996 pleriqueDodonam
1028 1913 1067 1973 st
1088 1908 1230 1974 inserti
1258 1910 1342 1993 qui-

332 2001 401 2067 bus
433 2000 643 2066 haererent
676 1998 789 2084 loeis,
824 1999 905 2063 eius
938 1997 1038 2063 modi
1073 2019 1253 2083 accepere
1285 2020 1342 2063 re·

333 2112 513 2177 sponsum

398 2217 539 2323 στείχετε
562 2215 736 2298 μαιόμενοι
760 2217 910 2277 Σικελῶν
933 2213 1145 2298 Σατούρνιον
1168 2204 1245 2276 οἷον
1357 2234 1384 2275 ιε

396 2299 451 2384 ἠδ’
477 2301 739 2386 Αβορειγενὲων,
763 2302 927 2383 Κοτύλην,
952 2295 993 2364 οὗ
1015 2309 1117 2376 νᾶσος
1140 2300 1274 2382 ὀχεῖται,

397 2381 448 2464 οἷς
471 2385 710 2472 ἀναμιχθέντες
733 2387 874 2470 δεκάτην
897 2386 1073 2470 ἐκπέμπετε
1099 2389 1211 2474 Φοίβῳ

397 2473 452 2540 καὶ
475 2477 620 2558 κεφαλὰς
634 2472 731 2559 ’Ἅιδῃ
744 2471 800 2539 καὶ
822 2482 868 2561 τῷ
891 2472 989 2557 πατρὶ
1012 2473 1151 2558 πέμπετε
1175 2484 1270 2557 φῶτα

333 2603 569 2683 acceptaque
615 2601 722 2662 sorte
759 2617 840 2660 euru
876 2595 1027 2661 Latium
1064 2599 1151 2680 post
1191 2617 1343 2660 errores

333 2688 523 2774 plurimus
552 2685 808 2770 appulissent,
835 2684 873 2748 in
901 2685 987 2750 lacu
1016 2683 1225 2750 Cutiliensi
1254 2706 1384 2750 ena-au

279 2777 409 2843 29tam
424 2776 591 2841 insulam
608 2774 951 2858 deprehenderunt.
965 2774 1228 2859 amplissimus
1243 2775 1343 2839 enim

333 2887 505 2950 caespes,
528 2864 610 2929 siue
633 2864 701 2928 ills
724 2864 930 2929 continens
958 2863 1073 2928 limus
1097 2885 1162 2928 seu
1186 2863 1342 2948 paludis

333 2955 409 3018 fuit
431 2956 567 3019 coacta
590 2972 775 3037 compage
798 2952 988 3035 uirgultis
1012 2957 1050 3017 et
1073 2950 1279 3017 arboribus
1304 2953 1342 3015 in

333 3041 459 3106 siluae
483 3041 682 3104 licentiam
701 3044 891 3122 comptus,
914 3039 1155 3103 iactantibus
1179 3061 1244 3123 per
1267 3061 1344 3104 om·

332 3151 415 3194 nem
435 3129 559 3193 lacum
578 3127 770 3192 fluetibus
789 3128 1017 3211 uagabatur,
1037 3132 1077 3191 ut
1095 3126 1194 3191 fides
1215 3150 1257 3190 ex
1271 3126 1344 3193 hos
1358 3149 1385 3189 as

333 3217 448 3282 etiarn
485 3215 581 3280 Delo
616 3216 720 3280 faeta
757 3216 823 3294 sit,
860 3236 956 3299 quae
991 3215 1095 3280 eslsa
1132 3216 1345 3299 montibus,

279 3307 444 3373 30uasta
466 3304 626 3389 eampis,
649 3309 776 3368 tamen
798 3325 864 3387 per
887 3305 1009 3368 maria
1032 3303 1239 3389 migrabat.
1272 3304 1344 3370 boe

333 3396 456 3481 igitur
498 3393 682 3459 miraculo
729 3392 967 3477 deprehenso
1010 3391 1078 3457 baa
1121 3392 1196 3457 sibi
1234 3392 1344 3459 sedes

331 3485 554 3570 praedictas
578 3504 662 3548 esse
686 3481 917 3565 didicerunt,
941 3483 1189 3566 uastatisque
1212 3480 1343 3548 Sicili-

403 3639 495 3713 4drsi
510 3640 537 3695 Β
590 3640 760 3709 brulrgrouu
775 3657 791 3695 a
807 3640 834 3694 Ρ
884 3638 1069 3708 ssassiguatur
1085 3639 1112 3692 P
1166 3644 1199 3693 1³
1214 3655 1343 3710 aecrpurs

332 3710 367 3770 Β
423 3719 487 3784 pust
510 3713 667 3782 rul'ponl'uru
691 3717 833 3769 κοοοκιΒ
856 3728 925 3767 arra.
945 3718 970 3766 ut
988 3712 1121 3768 dimidius
1135 3729 1186 3781 prr
1206 3714 1279 3781 itque
1297 3730 1343 3766 οο-

332 3789 442 3856 septas.
462 3785 575 3840 Graecis
592 3786 698 3840 earinis
716 3785 744 3838 P
801 3788 833 3837 lt
852 3784 894 3838 (Τ
895 3783 977 3838 ΕΧΕῘ
980 3785 998 3838 Ε
1014 3783 1042 3836 Β
1102 3729 1267 3837 Ε-ΚὲΛΟΝ
1288 3785 1343 3837 (Α-

331 3858 505 3912 ΤΟΥΝΙΟΝΑ
521 3856 525 3927 l
541 3872 558 3911 a
572 3857 639 3923 (suit
653 3857 672 3925 Ι)
691 3858 711 3909 Α
727 3856 755 3909 Β
810 3861 842 3909 16
861 3857 908 3909 ΟΥ
923 3855 960 3908 P:
980 3856 1010 3907 01
1026 3855 1053 3907 Β
1109 3859 1140 3909 17
1156 3856 1343 3909 ΛΝΑΜΕΙΧΘ-

332 3928 438 3983 ΕΝΤΕ(
457 3928 485 3982 Β
562 3931 595 3981 le
613 3928 715 3981 ΑΔΑΗΙ
734 3927 763 3981 Β
835 3930 868 3980 22
888 3924 982 3994 uelpel
997 3925 1057 3978 BP
1130 3930 1165 3978 21
1184 3925 1343 3980 decentiam

332 3999 478 4067 Hauptias
490 3997 653 4066 sparum
666 3999 723 4051 632
777 4011 887 4049 omnem
902 3994 993 4049 lacum
1008 3995 1152 4064 Hauptias
1170 3996 1188 4051 l.
1204 3997 1220 4050 l.
1236 4011 1270 4051 ιν
1283 3999 1342 4051 rod.

333 4068 567 4136 Cantabrisierui:
591 4082 701 4121 amnem
723 4083 792 4124 corr.
810 4072 842 4122 ut
860 4066 918 4121 uid.
937 4081 971 4120 eu
989 4080 1100 4120 emnem
1114 4065 1152 4118 P:
1176 4082 1285 4120 omnem
1305 4066 1342 4134 B,

331 4141 409 4195 tam
427 4139 527 4196 adab
582 4137 897 4193 almumalmum
916 4136 944 4189 P
994 4134 1160 4191 ambulabat
1180 4136 1208 4188 P
