3322 5190
393 820 460 886 454
768 818 845 875 SAT.
863 817 961 874 LIBRI
979 817 1032 874 Vll

395 985 541 1068 appellat
573 1006 777 1066 earumque
810 984 976 1067 partium
1014 1003 1115 1045 mare
1148 1002 1269 1056 omne,
1307 977 1405 1060 quod

396 1070 618 1157 Scythicum
647 1071 804 1155 dicitur,
832 1071 868 1135 id
897 1071 984 1155 gelu
1013 1069 1229 1152 constringi
1258 1070 1296 1131 at
1318 1088 1405 1130 con·

342 1160 539 1227 32siatere
568 1161 662 1225 aliter
689 1167 739 1224 eat
767 1181 864 1244 qoam
892 1163 1034 1242 putatur.
1080 1180 1156 1221 nam
1184 1178 1251 1220 nou
1279 1154 1406 1219 marina

396 1272 480 1335 aqua
509 1249 713 1314 contrahitur
741 1249 796 1313 sed
820 1248 896 1332 quia
920 1248 1094 1332 plurimum
1118 1247 1151 1310 iu
1176 1246 1241 1309 illis
1266 1244 1405 1328 regioni-

397 1339 456 1404 bus
485 1337 656 1403 fluuiorum
684 1345 734 1402 est
762 1341 795 1403 et
818 1336 970 1421 paludum
994 1336 1123 1419 inipso
1147 1334 1248 1399 maria
1272 1332 1405 1398 influeu·
1432 1358 1445 1399 a

397 1430 491 1511 tium,
524 1427 710 1510 superficies
743 1425 856 1510 maris,
887 1426 938 1490 cui
971 1425 1078 1488 dulces
1111 1445 1212 1507 aquae
1245 1424 1406 1502 innatant,

396 1514 594 1600 congelascit
623 1518 656 1579 et
680 1514 833 1578 incolumi
857 1535 942 1597 aquo
966 1513 1092 1577 marina
1114 1511 1242 1576 uidetur
1265 1511 1299 1574 in
1323 1509 1406 1574 mari

343 1606 385 1670 33
421 1603 472 1666 clu
496 1603 551 1667 sed
576 1602 615 1666 de
639 1601 773 1666 aduenis
798 1601 891 1664 undis
915 1606 1070 1664 coactum.
1111 1599 1172 1663 boc
1195 1603 1227 1661 et
1246 1600 1278 1661 in
1299 1599 1404 1662 Ponto

396 1625 466 1755 Peri
491 1690 647 1772 uidemus,
670 1690 703 1753 in
727 1712 790 1773 quo
814 1688 937 1753 frustra
955 1688 1112 1772 quaedam
1132 1692 1174 1770 et,
1197 1691 1234 1751 ut
1252 1689 1300 1752 ita
1319 1687 1404 1750 dire·

395 1779 472 1863 rim,
498 1778 657 1863 prosiciae
684 1779 810 1862 gelidae
838 1777 985 1841 feruutur
1013 1781 1198 1841 contractae
1226 1775 1264 1838 de
1292 1776 1405 1840 fluuio·
1421 1800 1445 1838 10

396 1867 474 1931 lium
507 1866 558 1931 uel
591 1866 784 1951 palustrium
817 1866 972 1930 undarum
1006 1864 1225 1943 multitudiue,
1259 1865 1292 1929 iu
1324 1887 1405 1948 quar

343 1955 474 2022 341icet
492 1954 606 2038 frigori
626 1955 718 2037 quasi
737 1954 911 2019 leuatiores
930 1954 1063 2017 marina.
1105 1952 1278 2036 plurimum
1297 1959 1406 2017 autem

397 2064 554 2127 aquarum
582 2041 697 2106 talium
727 2042 860 2106 influere
884 2040 988 2105 Ponto
1016 2046 1051 2105 et
1078 2045 1181 2106 totum
1205 2041 1405 2125 superficiem

396 2132 465 2195 eius
502 2130 654 2196 iniectam
688 2152 758 2194 esse
790 2130 877 2194 dulci
910 2130 1046 2213 liquore,
1082 2135 1210 2214 praetor
1243 2130 1327 2214 quod
1360 2132 1407 2194 ait

396 2216 558 2285 Salustius
586 2241 688 2284 mare
712 2218 917 2285 Ponticum
946 2217 1095 2283 dulcius
1124 2239 1233 2302 quam
1264 2224 1445 2296 ceteram

396 2312 447 2374 est
474 2307 537 2373 hoc
565 2329 692 2392 quoque
721 2309 923 2392 testimonio,
951 2307 1049 2391 quod,
1077 2307 1104 2372 ai
1133 2306 1166 2370 in
1191 2306 1329 2372 Pontum
1356 2310 1406 2373 uel

396 2395 507 2482 paleas
535 2395 587 2460 uel
615 2396 706 2479 ligna
729 2419 786 2461 sau
809 2417 1029 2480 quaecumque
1052 2396 1203 2460 natantia
1226 2396 1406 2480 proieceris,

395 2485 483 2550 foras
511 2488 602 2548 extra
630 2482 769 2548 Pontum
797 2482 944 2549 teruntur
971 2484 1005 2547 in
1035 2482 1278 2567 Propontidem,
1310 2490 1406 2569 atque

394 2573 441 2639 ita
464 2573 499 2637 in
522 2593 618 2652 mara,
642 2572 727 2656 quod
752 2573 856 2637 adluit
881 2571 977 2637 Asiae
1001 2594 1100 2654 oram,
1126 2594 1199 2636 cum
1223 2575 1350 2638 constet
1373 2574 1406 2637 iu

396 2660 535 2727 Pontum
560 2660 692 2725 influere
716 2663 813 2726 maris
838 2683 965 2744 aquam,
987 2683 1052 2724 non
1076 2660 1205 2725 effluere
1229 2661 1268 2726 do
1291 2660 1406 2726 Ponto.
1420 2683 1447 2724 ro

342 2752 385 2817 35
397 2755 521 2816 meatus
545 2751 646 2833 enim,
670 2752 724 2834 qui
748 2752 837 2815 solus
862 2751 900 2816 do
925 2749 1053 2815 Oceano
1078 2754 1225 2834 receptos
1248 2773 1348 2834 aquas
1373 2752 1405 2815 iu

395 2841 498 2906 maria
521 2845 635 2905 nostra
659 2840 868 2923 transmittit,
891 2841 925 2904 in
949 2842 1030 2905 l'relo
1054 2845 1104 2905 ost
1128 2840 1296 2922 Gaditano,
1320 2843 1404 2925 quod

395 2931 589 3016 Hispaniam
614 2930 822 3014 Africamque
847 2931 1023 3010 interiacet,
1047 2935 1079 2992 et
1102 2931 1171 2994 siue
1195 2931 1293 2994 dubio
1315 2933 1404 2994 inuu-

395 3019 483 3083 dalio
512 3019 584 3102 ipsa
611 3040 668 3103 per
697 3019 912 3102 Hispaniense
940 3023 971 3081 et
997 3018 1200 3082 Gallicanum
1230 3021 1342 3083 littora
1372 3020 1404 3082 iu

395 3107 598 3191 Tyrrhenum
628 3106 748 3189 prodit,
776 3107 850 3169 indo
877 3106 1099 3170 Hadriaticum
1129 3130 1216 3170 mare
1245 3107 1337 3189 fucit,
1366 3127 1444 3170 exre

395 3219 458 3280 quo
478 3196 592 3260 dextra
611 3195 644 3258 iu
660 3194 879 3276 Parthenium,
899 3195 992 3258 laeua
1012 3196 1045 3257 in
1060 3193 1187 3258 Ionium
1208 3200 1240 3259 et
1257 3196 1404 3259 directim

395 3284 428 3347 iu
451 3283 617 3369 Aegaeum
647 3284 766 3367 pergit,
795 3289 892 3368 atque
920 3284 967 3347 ila
995 3283 1172 3367 ingreditur
1196 3286 1228 3348 in
1255 3285 1404 3349 Pontum.

342 3375 475 3456 36quae
508 3374 608 3457 igitur
637 3374 720 3436 ratio
749 3372 840 3453 fucit,
873 3377 909 3436 ut
937 3373 1067 3435 riualiur
1097 3396 1198 3456 aquae
1228 3375 1266 3438 do
1297 3374 1403 3438 Ponto

396 3463 543 3545 effluant,
571 3484 643 3526 oum
673 3462 751 3525 loris
780 3463 950 3526 influentes
975 3486 1074 3545 aqum
1100 3461 1220 3528 Pontus
1244 3464 1403 3547 accipiat?

395 3551 451 3616 sed
493 3555 621 3614 constat
658 3557 792 3634 utraque
830 3553 922 3615 ratio.
976 3573 1050 3613 uam
1090 3552 1273 3632 superficies
1308 3553 1404 3616 Ponti
1417 3572 1444 3611 eo

395 3641 528 3721 propter
556 3638 672 3701 nimius
701 3661 815 3721 aquas,
843 3660 924 3722 quae
953 3638 991 3700 de
1020 3642 1105 3701 terra
1135 3638 1242 3703 dulces
1266 3639 1405 3703 influunt

395 3725 482 3791 foras
525 3724 641 3808 effluit,
682 3726 832 3791 deorsum
875 3748 950 3789 uero
993 3727 1079 3790 iutro
1116 3728 1224 3811 pergit
1260 3728 1403 3792 influxio.

341 3813 478 3878 37unde
512 3813 682 3894 probatum
715 3819 777 3892 est,
814 3815 962 3878 natantia
994 3837 1088 3897 quae,
1131 3819 1166 3876 ut
1198 3839 1296 3898 supra
1329 3816 1403 3897 diri,

467 3976 498 4021 lb
518 3971 616 4038 fragm.
635 3969 732 4024 histor.
754 3970 849 4022 Krilzri
871 3969 908 4021 lll
928 3975 957 4020 51

466 4109 615 4162 arcumen
636 4110 662 4161 P
714 4116 781 4167 5-3-
802 4127 851 4163 om.
872 4106 908 4161 P'
966 4115 998 4161 19
1017 4110 1145 4164 allnrlP
1198 4116 1230 4163 26
1251 4115 1357 4164 turem’r
1379 4112 1407 4162 P

393 4180 530 4233 adnatrcu
551 4180 578 4231 P
631 4196 706 4234 mare
725 4197 774 4235 oua
795 4179 831 4234 P‘
888 4186 920 4234 27
941 4186 1011 4252 egen
1031 4182 1058 4234 P
