3442 5190
679 797 731 852 XX
751 801 855 852 17-18
884 795 948 850 xxl
969 802 1055 852 1—10
1309 798 1373 863 117

363 961 523 1025 eramento
545 959 677 1026 luminis
701 962 734 1024 et
756 958 890 1025 dierum.
936 959 977 1025 ab
1001 981 1081 1043 apro
1105 962 1215 1026 autem
1237 960 1407 1028 tradant4

362 1048 589 1133 interemptum
609 1047 747 1134 Adonin,
770 1048 886 1114 hiemis
910 1048 1086 1133 imaginem
1106 1050 1140 1114 in
1158 1049 1221 1116 hoo
1240 1050 1375 1116 animali

362 1137 533 1224 fingentes,
560 1137 647 1221 quod
675 1160 752 1222 aper
779 1136 928 1221 hispidus
956 1140 989 1202 et
1017 1158 1113 1221 asper
1140 1138 1263 1224 gaudet
1294 1139 1376 1205 loeis

363 1224 500 1292 humidis
519 1226 635 1293 lutosis
653 1227 833 1311 pruinaque
853 1226 1011 1292 eonteetis
1029 1228 1224 1312 proprieque
1242 1227 1377 1294 hiemali

339 1314 468 1382 structu
490 1317 635 1399 pasoitur
658 1315 785 1402 glande.
825 1336 903 1400 ergo
926 1315 1031 1381 hiems
1056 1317 1159 1382 ueluti
1182 1317 1301 1383 uulnus
1325 1320 1377 1383 est

364 1404 452 1488 solis,
486 1427 569 1490 quae
602 1408 636 1470 et
662 1405 766 1471 lneem
795 1405 864 1471 sius
892 1405 987 1471 nobis
1016 1405 1138 1470 minuit
1165 1409 1198 1471 et
1225 1407 1375 1492 ealorem,

364 1493 447 1579 quod
461 1497 634 1580 utrumqne
653 1494 874 1560 animantibus
889 1493 1007 1560 aeeidit
1020 1498 1133 1561 morte.
1165 1495 1406 1566 simulacrumb

363 1581 455 1648 huius
484 1582 562 1648 deae
591 1584 625 1648 in
648 1588 758 1648 monte
781 1583 906 1648 Libano
930 1583 1067 1669 fingitur
1090 1584 1196 1668 eapite
1220 1584 1376 1670 obnupto,

364 1671 467 1755 speeie
490 1671 587 1750 tristi,
611 1671 727 1736 faeiem
750 1693 848 1737 manu
871 1671 967 1736 laeua
989 1673 1077 1735 intra
1100 1672 1254 1737 amictum
1278 1673 1375 1738 susti·

317 1783 347 1822 ro
363 1779 451 1843 nens,
473 1759 626 1824 lacrimae
648 1760 773 1825 uisione
797 1760 1066 1843 conspicientium
1089 1782 1222 1826 manare
1244 1760 1376 1825 eredun-

363 1849 422 1913 tur.
454 1869 536 1933 quae
555 1849 673 1933 imago,
691 1853 820 1933 praeter
839 1848 924 1934 quod
943 1847 1085 1934 lugentis
1103 1851 1161 1932 est,
1176 1852 1213 1913 ut
1226 1848 1377 1931 diximus,

365 1935 449 2019 deae,
467 1938 573 2001 terrae
592 1958 719 2021 quoque
737 1937 888 2002 hiemalis
907 1939 967 2022 ast,
985 1957 1049 2021 quo
1068 1939 1215 2020 ternpore
1230 1937 1377 2020 obnupta

362 2022 502 2088 nubibus
534 2025 602 2089 sole
633 2024 769 2089 uiduata
796 2026 908 2109 stupet
934 2025 1104 2108 fontesque
1136 2022 1237 2089 ueluti
1270 2027 1376 2089 terrae

365 2111 447 2176 oculi
470 2110 602 2177 uberius
624 2117 769 2197 manant,
791 2116 925 2198 agrique
948 2112 1078 2177 interim
1098 2133 1157 2176 sno
1177 2113 1266 2177 cultu
1284 2111 1375 2176 uidui

306 2218 342 2260 15
363 2202 520 2264 maestam
543 2199 660 2265 faeiem
683 2201 734 2264 sui
757 2202 950 2265 monstrant.
992 2201 1047 2264 sed
1071 2221 1144 2264 oum
1168 2200 1218 2264 sol
1243 2200 1406 2268 emersitss

364 2288 403 2351 ab
422 2287 630 2352 inferioribus
648 2287 800 2371 partibus
820 2292 934 2372 terrae,
953 2287 1158 2373 uernalisqus
1178 2288 1375 2374 aequinoctii

364 2376 597 2464 transgreditur
617 2379 696 2442 linos
716 2378 863 2463 religendo
883 2378 975 2462 diem,
994 2378 1071 2442 tuno
1089 2381 1140 2442 est
1160 2376 1270 2444 Venus
1289 2379 1376 2444 laeta

364 2470 396 2531 et
413 2466 551 2553 pulchra
568 2467 675 2532 uiuent
694 2491 772 2533 anun
790 2467 966 2554 segetibus,
989 2471 1084 2552 prata
1102 2467 1221 2548 herbis,
1242 2469 1375 2534 arbores

364 2557 461 2622 loliis.
507 2557 578 2623 ideo
606 2559 745 2623 maiores
773 2559 879 2624 nostri
906 2557 1054 2642 Aprilem
1083 2579 1228 2624 mensem
1256 2557 1376 2623 Veneri

306 2661 345 2708 to
363 2645 561 2712 dieauerunt.

451 2733 608 2800 Similiter
639 2735 783 2822 Phryges
820 2735 941 2800 fabulis
974 2738 1007 2799 et
1039 2757 1205 2800 sacrorum
1241 2735 1406 2801 admisi-'l

364 2823 577 2889 strationibns
600 2823 770 2890 inmutatis
789 2824 874 2889 eirea
893 2823 1053 2889 Matrem
1077 2821 1196 2889 Deum
1220 2823 1375 2888 1111111-

364 2932 444 2975 nem
473 2911 585 2977 eadem
613 2913 758 3000 intellegi
786 2916 966 2999 praestant.
1017 2913 1088 2998 quis
1117 2912 1202 2979 enim
1231 2911 1407 3000 ambigat8

364 2998 503 3066 Matrem
535 3000 641 3067 Deum
677 3006 798 3068 terram
833 3002 969 3068 haberi?
1022 3002 1104 3069 haee
1136 3003 1196 3068 dea
1228 3001 1377 3067 leonibus

327 3111 354 3153 aa
366 3089 502 3176 uehitur,
524 3091 643 3158 ualidis
661 3093 785 3178 impetu
805 3095 901 3176 atque
921 3093 1048 3157 feruore
1067 3091 1273 3175 animalibus,
1293 3113 1377 3177 quae

366 3182 481 3246 natura
513 3181 595 3246 caeli
628 3185 690 3267 est,
724 3183 814 3247 cuins
846 3180 972 3247 ambita
1005 3204 1060 3247 aar
1092 3181 1291 3266 continetur,
1323 3180 1379 3266 qui

366 3269 455 3336 uehit
472 3273 602 3336 terram.
640 3271 759 3336 solem
782 3292 860 3336 uero
885 3271 945 3336 sub
968 3273 1099 3336 nomine
1120 3273 1242 3337 Attinis
1261 3272 1409 3336 ornanti)

366 3357 474 3422 fistula
501 3360 535 3422 et
561 3358 663 3443 uirga.
715 3359 825 3422 fistula
856 3359 1003 3423 ordinem
1037 3360 1171 3442 spiritus
1200 3358 1379 3443 inaequalis

367 3444 515 3529 ostendit,
543 3446 619 3530 quia
646 3446 749 3530 uenti,
780 3446 815 3510 in
848 3446 966 3530 quibus
993 3446 1084 3511 nulla
1111 3448 1292 3534 aequalitas
1320 3448 1380 3530 est,

334 3548 357 3589 a
368 3533 528 3618 propriam
544 3537 678 3599 sumunt
692 3536 731 3599 de
745 3534 815 3599 sole
830 3534 1057 3618 substantiam,
1076 3535 1169 3620 uirga
1183 3538 1379 3619 potestatem

367 3621 445 3686 solis
467 3620 596 3704 adserit,
619 3623 673 3707 qui
693 3625 811 3688 cuneta
829 3623 1024 3689 moderatur.
1044 3625 1251 3708 praeeipuam
1271 3627 1378 3688 autem
1391 3625 1434 3689 10

367 3709 445 3773 solis
478 3710 511 3773 in
544 3709 595 3774 his
630 3710 835 3776 caerimoniis
867 3711 951 3775 uerti
984 3713 1146 3776 rationem
1179 3713 1255 3776 hine
1282 3711 1380 3776 etiam

436 3955 593 4010 aanrmals
612 3953 676 4010 BP
747 3952 916 4009 rhammus
930 3954 966 4009 B'
1040 3952 1186 4024 thrempf
1201 3954 1229 4008 B
1295 3952 1380 4009 sob-

367 4023 453 4081 nubto
471 4026 500 4081 P
548 4032 581 4082 11
596 4024 721 4082 obnubta
735 4043 767 4097 p,
787 4026 896 4081 ohnuta
913 4028 941 4081 P
988 4032 1021 4081 13
1042 4027 1099 4082 sole
1118 4043 1168 4082 om.
1189 4026 1217 4080 P
1266 4031 1298 4081 16
1317 4041 1380 4080 usr-

368 4095 439 4151 nahl
453 4093 488 4151 Β
553 4103 586 4152 21
607 4097 694 4180 lngel
711 4097 739 4152 P
802 4104 836 4153 11
855 4099 1013 4153 rmmutatrl
1031 4100 1059 4153 P
1126 4099 1235 4152 attinen
1254 4097 1283 4152 P
1345 4103 1380 4152 26

369 4169 446 4223 euml
461 4165 496 4223 B'
551 4174 585 4223 19
605 4169 684 4241 qma]
705 4186 761 4237 qua
779 4170 807 4223 P
859 4175 892 4224 11
913 4168 1007 4223 allent
1026 4171 1054 4223 P
1108 4168 1290 4240 moderantur
1308 4168 1336 4221 Β
