3442 5190
732 876 829 933 ,Xilll
849 881 953 934 13-33
1296 877 1365 944 543

352 1041 391 1106 de
429 1041 538 1106 anima
574 1041 725 1107 uidentur
760 1041 1001 1127 pronuntiasse,
1038 1040 1213 1107 contineat
1270 1039 1364 1106 Plato

352 1130 434 1194 dixit
470 1130 612 1196 enimam
645 1131 820 1195 essentiam
858 1151 893 1195 se
929 1134 1130 1210 mouentem,
1165 1128 1364 1194 Xenocrates

352 1241 521 1284 numerum
538 1241 573 1284 se
588 1222 783 1303 mouentem,
801 1217 996 1284 Aristoteles
1011 1216 1227 1305 ἐντελέχειαν,
1244 1216 1364 1302 Pytha-

353 1328 449 1392 goras
489 1311 522 1372 et
556 1306 726 1373 Philolaus
764 1306 980 1392 harmoniam,
1019 1307 1211 1373 Posidonius
1248 1306 1365 1389 ideam,

325 1395 559 1481 sAselepiades
592 1397 733 1481 quinque
765 1417 918 1461 sensuum
945 1396 1133 1461 exercitium
1162 1395 1225 1461 sibi
1252 1416 1364 1460 conso·

351 1507 445 1569 num,
471 1484 686 1571 Hippocrates
715 1484 865 1569 spiritum
893 1488 1021 1550 tenuem
1047 1506 1243 1570 percorpus
1268 1504 1363 1550 omne

352 1573 543 1660 dispersum,
566 1574 753 1640 Heraclides
773 1573 924 1639 Ponticus
944 1575 1057 1657 lucem,
1075 1572 1261 1640 Heraclitus
1280 1572 1363 1658 phy·

352 1664 437 1728 sicus
466 1663 641 1729 scintillam
669 1663 811 1728 stellaris
839 1662 1011 1748 essentiae,
1038 1663 1148 1728 Zenon
1176 1665 1362 1729 concretum

351 1753 478 1837 corpori
506 1753 670 1838 spiritum,
698 1750 903 1818 Democritus
931 1753 1081 1837 spiritum
1111 1753 1268 1818 insertum
1293 1755 1362 1817 eto-

313 1865 339 1906 ro
352 1842 415 1907 mis
439 1841 500 1908 hac
522 1842 680 1908 facilitate
704 1845 821 1926 motus,
845 1846 882 1907 ut
903 1864 1020 1929 corpus
1043 1841 1093 1907 illi
1114 1864 1209 1908 omne
1228 1843 1273 1908 sit
1290 1864 1362 1927 per·

351 1933 449 2012 nium,
473 1930 636 1997 Critolaus
660 1931 895 2015 Peripateticus
919 1936 1068 1997 constare
1092 1953 1163 1996 eam
1186 1932 1226 1996 de
1248 1932 1416 2016 quinta20

350 2021 504 2104 essentia,
535 2019 741 2104 Hipparchus
768 2020 893 2103 ignem,
920 2019 1140 2084 Anaximenes
1168 2041 1257 2099 aers,
1284 2019 1362 2084 Em·

349 2108 498 2193 pedocles
527 2111 561 2172 et
588 2107 706 2173 Critias
735 2108 942 2192 sanguinem,
973 2107 1180 2172 Parmenides
1209 2129 1247 2171 ex
1275 2111 1363 2173 terre

349 2200 383 2261 et
414 2197 500 2281 igne,
527 2195 744 2280 Xenophanes
773 2218 811 2260 ex
842 2198 932 2261 terra
961 2200 993 2260 et
1021 2218 1118 2280 aqna,
1151 2195 1294 2260 Boethus
1322 2217 1362 2261 ex

309 2305 336 2347 rs
350 2305 423 2349 aere
456 2288 489 2349 et
515 2284 605 2370 igne,
637 2283 798 2366 Epicurus
831 2284 972 2369 speciem
999 2305 1037 2347 ex
1065 2284 1140 2370 igne
1168 2285 1200 2348 et
1227 2305 1300 2348 aere
1328 2287 1362 2348 et

347 2372 465 2456 spiritu
499 2372 643 2438 mixtam.
693 2371 836 2438 obtinuit
865 2375 976 2438 temen
1008 2393 1072 2437 nou
1107 2372 1213 2436 minus
1245 2371 1284 2436 de
1311 2372 1360 2436 in·

348 2461 577 2546 corporalitate
614 2463 682 2527 eius
720 2482 816 2545 qrram
855 2460 895 2526 de
926 2461 1161 2526 inmortalitate
1189 2460 1360 2526 sententia.

347 2572 433 2616 nune
457 2549 637 2636 uideamus,
663 2572 747 2635 quae
770 2550 837 2615 sint
859 2549 937 2616 haec
961 2549 1024 2616 duo
1047 2550 1194 2634 nomina,
1221 2551 1410 2634 quorum21

347 2640 469 2726 pariter
492 2640 654 2724 meminit,
681 2662 755 2707 curu
779 2639 856 2705 dicit
884 2661 980 2725 quae
1008 2638 1137 2704 sidera
1160 2642 1198 2705 et
1220 2640 1358 2705 stellas

307 2729 510 2796 reuocatis.
559 2751 661 2815 neque
693 2728 781 2795 enim
808 2728 862 2794 hic
889 2751 941 2795 res
968 2750 1033 2794 una
1060 2729 1191 2815 gemina
1219 2730 1360 2814 appellu-

347 2819 437 2884 tione
474 2820 675 2884 monstratur
707 2821 744 2883 ut
780 2819 885 2883 ensis
920 2821 958 2883 et
989 2817 1159 2904 gladius,
1195 2819 1251 2883 sed
1284 2822 1360 2884 sunt

348 2907 491 2973 stellae
525 2906 654 2993 quidem
683 2907 877 2993 singulares,
909 2910 946 2972 ut
973 2907 1130 2972 erraticae
1158 2906 1298 2991 quinque
1326 2911 1360 2972 et

346 2998 482 3078 ceterae,
500 3016 582 3080 quae
600 3017 666 3060 non
687 2994 850 3060 admixtae
867 2995 940 3059 aliis
955 2995 1042 3060 solae
1057 2995 1213 3077 feruntur,
1232 2993 1361 3059 sidera

347 3104 434 3170 uero,
457 3104 540 3167 quae
563 3083 598 3149 in
623 3083 752 3169 aliquod
776 3085 906 3169 signum
930 3084 1100 3149 stellarum
1125 3083 1266 3169 plurium
1286 3104 1360 3148 con·

307 3172 509 3257 repositione
546 3172 742 3256 formentur,
782 3177 821 3237 ut
856 3172 950 3238 Aries
988 3172 1114 3238 Taurus
1152 3171 1361 3238 Andromede

347 3261 484 3327 Perseus
514 3263 563 3327 uel
589 3260 731 3347 Corona,
759 3266 793 3327 et
814 3284 1032 3347 quaecumque
1055 3262 1217 3328 alariarum
1240 3283 1361 3348 genere

347 3352 523 3417 formarum
550 3352 584 3415 in
613 3351 736 3418 caelum
764 3355 894 3436 recepta
920 3350 1102 3417 creduntur.
1149 3351 1196 3416 sie
1218 3355 1252 3416 et
1275 3351 1359 3435 apud

347 3439 488 3506 Graecos
511 3438 615 3528 ἀστήρ
640 3444 673 3504 et
695 3441 818 3521 ἄστρον
837 3441 965 3505 diuersa
984 3440 1182 3526 significant,
1204 3444 1239 3505 et
1257 3438 1358 3523 ἀστήρ

347 3530 441 3593 stella
468 3551 534 3595 una
562 3534 624 3614 est,
652 3530 776 3614 ἄστρον
804 3529 934 3615 signum
957 3529 1063 3593 stellis
1087 3532 1248 3611 coactum,
1274 3527 1360 3613 quod

307 3635 407 3683 sonos
434 3617 523 3682 sidus
550 3640 713 3683 uocamus.
760 3639 833 3684 cum
860 3639 937 3683 uero
966 3616 1078 3683 stellas
1109 3617 1293 3703 globosae
1322 3618 1411 3684 erat

346 3707 534 3771 rotundas
568 3706 669 3790 dicut,
700 3728 767 3771 non
798 3706 1012 3792 singularium
1047 3711 1175 3771 tantum
1207 3704 1360 3789 exprimit

347 3795 501 3878 speciem,
526 3795 581 3859 sed
604 3797 638 3859 et
661 3816 785 3872 earum,
808 3814 889 3878 qrrae
912 3794 946 3858 in
971 3793 1067 3880 signa
1090 3794 1260 3859 formanda
1282 3814 1358 3859 con-

419 3972 433 4020 1
452 3968 552 4038 platon
571 3967 598 4022 P
678 3973 694 4021 3
715 3929 881 4022 endehh'rum
901 3966 929 4021 P
1007 3971 1024 4020 4
1042 3966 1192 4037 phylolsus
1204 3981 1359 4021 armonrnm

346 4036 569 4162 rttt⁰t⁰st
588 4036 1176 4177 trttrttsmussitet.
1190 4039 1363 4173 aaut

347 4184 380 4232 23
401 4179 506 4250 amixte
525 4177 555 4234 P
611 4184 646 4233 28
665 4177 738 4230 alter
756 4175 779 4230 te
798 4177 891 4234 aaron
913 4178 940 4232 Ρ
997 4177 1115 4232 slterP
1170 4180 1204 4231 23
1223 4174 1316 4231 astron
1334 4175 1363 4229 P

382 4247 478 4302 [tellas
495 4244 531 4302 P'
588 4254 621 4303 31
640 4248 782 4319 singulan'r
800 4245 837 4303 P¹
898 4254 932 4303 32
952 4249 1142 4304 conuenerant
1158 4247 1187 4303 P
