<?xml version="1.0" encoding="UTF-8"?>
<!DOCTYPE html PUBLIC "-//W3C//DTD XHTML 1.0 Transitional//EN"
    "http://www.w3.org/TR/xhtml1/DTD/xhtml1-transitional.dtd">
<html xmlns="http://www.w3.org/1999/xhtml" xml:lang="en" lang="en">
 <head>
  <title>
</title>
<meta http-equiv="Content-Type" content="text/html;charset=utf-8" />
  <meta name='ocr-system' content='tesseract 3.04.00' />
  <meta name='ocr-capabilities' content='ocr_page ocr_carea ocr_par ocr_line ocrx_word'/>
</head>
<body>
  <div class='ocr_page' id='page_1' title='image "./macrobius00cicegoog_0086.png"; bbox 0 0 3322 5190; ppageno 0'>
   <div class='ocr_carea' id='block_1_1' title="bbox 327 758 938 824">
    <p class='ocr_par' dir='ltr' id='par_1_1' title="bbox 327 758 938 824">
     <span class='ocr_line' id='line_1_1' title="bbox 327 758 938 824; baseline -0.002 -11"><span class='ocrx_word' id='word_1_1' title='bbox 327 763 368 824; x_wconf 59' lang='grc' dir='ltr'>ΤΔ</span> <span class='ocrx_word' id='word_1_2' title='bbox 713 759 791 815; x_wconf 76' lang='lat' dir='ltr'>SA&#39;l&#39;.</span> <span class='ocrx_word' id='word_1_3' title='bbox 810 758 907 813; x_wconf 79' lang='lat' dir='ltr'>LlBlll</span> <span class='ocrx_word' id='word_1_4' title='bbox 926 759 938 812; x_wconf 91' lang='lat'>1</span> 
     </span>
    </p>
   </div>
   <div class='ocr_carea' id='block_1_2' title="bbox 277 919 1388 3568">
    <p class='ocr_par' dir='ltr' id='par_1_2' title="bbox 277 919 1388 3568">
     <span class='ocr_line' id='line_1_2' title="bbox 327 919 1340 1004; baseline 0 -17"><span class='ocrx_word' id='word_1_5' title='bbox 327 921 451 1003; x_wconf 88' lang='lat' dir='ltr'>Nonae,</span> <span class='ocrx_word' id='word_1_6' title='bbox 473 921 558 986; x_wconf 86' lang='lat' dir='ltr'>eicut</span> <span class='ocrx_word' id='word_1_7' title='bbox 574 919 695 989; x_wconf 76' lang='lat' dir='ltr'>Numa,</span> <span class='ocrx_word' id='word_1_8' title='bbox 708 921 884 1003; x_wconf 86' lang='lat' dir='ltr'>constituit,</span> <span class='ocrx_word' id='word_1_9' title='bbox 907 920 983 1004; x_wconf 87' lang='lat' dir='ltr'>quia</span> <span class='ocrx_word' id='word_1_10' title='bbox 1004 919 1088 984; x_wconf 88' lang='lat' dir='ltr'>nihil</span> <span class='ocrx_word' id='word_1_11' title='bbox 1111 919 1145 983; x_wconf 94' lang='lat' dir='ltr'>in</span> <span class='ocrx_word' id='word_1_12' title='bbox 1164 920 1217 984; x_wconf 90' lang='lat' dir='ltr'>bie</span> <span class='ocrx_word' id='word_1_13' title='bbox 1234 919 1340 987; x_wconf 87' lang='lat' dir='ltr'>Iulius</span> 
     </span>
     <span class='ocr_line' id='line_1_3' title="bbox 327 1005 1341 1093; baseline 0.001 -20"><span class='ocrx_word' id='word_1_14' title='bbox 327 1010 482 1074; x_wconf 76' lang='lat' dir='ltr'>mutauit:</span> <span class='ocrx_word' id='word_1_15' title='bbox 497 1009 553 1073; x_wconf 91' lang='lat' dir='ltr'>sed</span> <span class='ocrx_word' id='word_1_16' title='bbox 567 1008 736 1073; x_wconf 89' lang='lat' dir='ltr'>Ianuarius</span> <span class='ocrx_word' id='word_1_17' title='bbox 747 1006 880 1073; x_wconf 86' lang='lat' dir='ltr'>Sextilis</span> <span class='ocrx_word' id='word_1_18' title='bbox 890 1007 1077 1090; x_wconf 77' lang='lat' dir='ltr'>December,</span> <span class='ocrx_word' id='word_1_19' title='bbox 1092 1008 1209 1093; x_wconf 89' lang='lat' dir='ltr'>quibus</span> <span class='ocrx_word' id='word_1_20' title='bbox 1220 1005 1341 1074; x_wconf 81' lang='lat' dir='ltr'>Caesar</span> 
     </span>
     <span class='ocr_line' id='line_1_4' title="bbox 326 1095 1341 1181; baseline -0.001 -19"><span class='ocrx_word' id='word_1_21' title='bbox 326 1098 421 1162; x_wconf 91' lang='lat' dir='ltr'>binos</span> <span class='ocrx_word' id='word_1_22' title='bbox 445 1096 513 1161; x_wconf 91' lang='lat' dir='ltr'>diee</span> <span class='ocrx_word' id='word_1_23' title='bbox 537 1097 671 1176; x_wconf 86' lang='lat' dir='ltr'>addidit,</span> <span class='ocrx_word' id='word_1_24' title='bbox 694 1097 770 1161; x_wconf 92' lang='lat' dir='ltr'>licet</span> <span class='ocrx_word' id='word_1_25' title='bbox 791 1095 931 1160; x_wconf 86' lang='lat' dir='ltr'>tricenos</span> <span class='ocrx_word' id='word_1_26' title='bbox 955 1095 1102 1181; x_wconf 81' lang='lat' dir='ltr'>singulos</span> <span class='ocrx_word' id='word_1_27' title='bbox 1126 1095 1245 1160; x_wconf 87' lang='lat' dir='ltr'>hebere</span> <span class='ocrx_word' id='word_1_28' title='bbox 1264 1102 1341 1181; x_wconf 89' lang='lat' dir='ltr'>post</span> 
     </span>
     <span class='ocr_line' id='line_1_5' title="bbox 327 1184 1341 1269; baseline 0 -18"><span class='ocrx_word' id='word_1_29' title='bbox 327 1184 500 1252; x_wconf 80' lang='lat' dir='ltr'>Gaesarem</span> <span class='ocrx_word' id='word_1_30' title='bbox 529 1186 709 1269; x_wconf 79' lang='lat' dir='ltr'>coeperint,</span> <span class='ocrx_word' id='word_1_31' title='bbox 737 1184 908 1269; x_wconf 80' lang='lat' dir='ltr'>quintanas</span> <span class='ocrx_word' id='word_1_32' title='bbox 935 1186 1045 1248; x_wconf 90' lang='lat' dir='ltr'>tamen</span> <span class='ocrx_word' id='word_1_33' title='bbox 1072 1184 1195 1249; x_wconf 90' lang='lat' dir='ltr'>habent</span> <span class='ocrx_word' id='word_1_34' title='bbox 1217 1184 1341 1268; x_wconf 88' lang='lat' dir='ltr'>Nouae,</span> 
     </span>
     <span class='ocr_line' id='line_1_6' title="bbox 327 1272 1382 1358; baseline 0.001 -19"><span class='ocrx_word' id='word_1_35' title='bbox 327 1280 361 1339; x_wconf 91' lang='lat' dir='ltr'>et</span> <span class='ocrx_word' id='word_1_36' title='bbox 380 1274 422 1338; x_wconf 90' lang='lat' dir='ltr'>ab</span> <span class='ocrx_word' id='word_1_37' title='bbox 436 1273 547 1338; x_wconf 92' lang='lat' dir='ltr'>Idibus</span> <span class='ocrx_word' id='word_1_38' title='bbox 567 1274 632 1338; x_wconf 90' lang='lat' dir='ltr'>illie</span> <span class='ocrx_word' id='word_1_39' title='bbox 652 1277 821 1358; x_wconf 76' lang='lat' dir='ltr'>sequentes</span> <span class='ocrx_word' id='word_1_40' title='bbox 836 1272 1000 1337; x_wconf 77' lang='lat' dir='ltr'>Kalendae</span> <span class='ocrx_word' id='word_1_41' title='bbox 1014 1274 1048 1337; x_wconf 94' lang='lat' dir='ltr'>iu</span> <span class='ocrx_word' id='word_1_42' title='bbox 1061 1273 1341 1340; x_wconf 88' lang='lat' dir='ltr'>undeuicesimum</span> <span class='ocrx_word' id='word_1_43' title='bbox 1368 1301 1382 1340; x_wconf 84' lang='lat' dir='ltr'>a</span> 
     </span>
     <span class='ocr_line' id='line_1_7' title="bbox 326 1360 1341 1448; baseline 0 -20"><span class='ocrx_word' id='word_1_44' title='bbox 326 1366 544 1441; x_wconf 88' lang='lat' dir='ltr'>reuertuntur,</span> <span class='ocrx_word' id='word_1_45' title='bbox 562 1363 639 1448; x_wconf 89' lang='lat' dir='ltr'>quia</span> <span class='ocrx_word' id='word_1_46' title='bbox 658 1360 787 1446; x_wconf 83' lang='lat' dir='ltr'>anear,</span> <span class='ocrx_word' id='word_1_47' title='bbox 806 1383 885 1446; x_wconf 92' lang='lat' dir='ltr'>quos</span> <span class='ocrx_word' id='word_1_48' title='bbox 905 1361 1028 1426; x_wconf 86' lang='lat' dir='ltr'>eddidit</span> <span class='ocrx_word' id='word_1_49' title='bbox 1047 1360 1124 1444; x_wconf 90' lang='lat' dir='ltr'>dies,</span> <span class='ocrx_word' id='word_1_50' title='bbox 1142 1369 1341 1446; x_wconf 81' lang='lat' dir='ltr'>nequeunte</span> 
     </span>
     <span class='ocr_line' id='line_1_8' title="bbox 325 1447 1341 1534; baseline 0 -18"><span class='ocrx_word' id='word_1_51' title='bbox 325 1451 441 1516; x_wconf 87' lang='lat' dir='ltr'>Nonas</span> <span class='ocrx_word' id='word_1_52' title='bbox 468 1472 572 1534; x_wconf 88' lang='lat' dir='ltr'>neque</span> <span class='ocrx_word' id='word_1_53' title='bbox 596 1453 671 1514; x_wconf 90' lang='lat' dir='ltr'>ante</span> <span class='ocrx_word' id='word_1_54' title='bbox 694 1449 771 1513; x_wconf 95' lang='lat' dir='ltr'>Idus</span> <span class='ocrx_word' id='word_1_55' title='bbox 794 1450 934 1514; x_wconf 89' lang='lat' dir='ltr'>inserere</span> <span class='ocrx_word' id='word_1_56' title='bbox 957 1448 1077 1529; x_wconf 91' lang='lat' dir='ltr'>uoluit,</span> <span class='ocrx_word' id='word_1_57' title='bbox 1105 1470 1146 1513; x_wconf 91' lang='lat' dir='ltr'>ue</span> <span class='ocrx_word' id='word_1_58' title='bbox 1169 1447 1341 1516; x_wconf 85' lang='lat' dir='ltr'>Nonarum</span> 
     </span>
     <span class='ocr_line' id='line_1_9' title="bbox 327 1538 1341 1623; baseline 0.001 -20"><span class='ocrx_word' id='word_1_59' title='bbox 327 1544 384 1604; x_wconf 88' lang='lat' dir='ltr'>eut</span> <span class='ocrx_word' id='word_1_60' title='bbox 411 1538 523 1603; x_wconf 91' lang='lat' dir='ltr'>lduum</span> <span class='ocrx_word' id='word_1_61' title='bbox 552 1539 758 1623; x_wconf 82' lang='lat' dir='ltr'>religionem,</span> <span class='ocrx_word' id='word_1_62' title='bbox 789 1558 871 1622; x_wconf 92' lang='lat' dir='ltr'>quae</span> <span class='ocrx_word' id='word_1_63' title='bbox 899 1541 986 1602; x_wconf 84' lang='lat' dir='ltr'>elato</span> <span class='ocrx_word' id='word_1_64' title='bbox 1014 1542 1085 1601; x_wconf 92' lang='lat' dir='ltr'>erat</span> <span class='ocrx_word' id='word_1_65' title='bbox 1112 1538 1177 1622; x_wconf 90' lang='lat' dir='ltr'>die,</span> <span class='ocrx_word' id='word_1_66' title='bbox 1208 1540 1341 1604; x_wconf 88' lang='lat' dir='ltr'>nouella</span> 
     </span>
     <span class='ocr_line' id='line_1_10' title="bbox 295 1625 1340 1713; baseline 0 -19"><span class='ocrx_word' id='word_1_67' title='bbox 295 1627 667 1713; x_wconf 76' lang='lat' dir='ltr'>ilcomperendinatione</span> <span class='ocrx_word' id='word_1_68' title='bbox 698 1633 926 1711; x_wconf 84' lang='lat' dir='ltr'>corrumperet.</span> <span class='ocrx_word' id='word_1_69' title='bbox 977 1625 1032 1692; x_wconf 84' lang='lat' dir='ltr'>sed</span> <span class='ocrx_word' id='word_1_70' title='bbox 1064 1648 1124 1691; x_wconf 88' lang='lat' dir='ltr'>nec</span> <span class='ocrx_word' id='word_1_71' title='bbox 1154 1633 1230 1712; x_wconf 92' lang='lat' dir='ltr'>post</span> <span class='ocrx_word' id='word_1_72' title='bbox 1261 1628 1340 1695; x_wconf 72' lang='lat' dir='ltr'>l&#39;dus</span> 
     </span>
     <span class='ocr_line' id='line_1_11' title="bbox 327 1716 1383 1801; baseline 0.001 -19"><span class='ocrx_word' id='word_1_73' title='bbox 327 1740 404 1782; x_wconf 85' lang='lat' dir='ltr'>mox</span> <span class='ocrx_word' id='word_1_74' title='bbox 422 1716 528 1783; x_wconf 92' lang='lat' dir='ltr'>uoluit</span> <span class='ocrx_word' id='word_1_75' title='bbox 546 1718 696 1798; x_wconf 90' lang='lat' dir='ltr'>inserere,</span> <span class='ocrx_word' id='word_1_76' title='bbox 715 1738 755 1781; x_wconf 93' lang='lat' dir='ltr'>ne</span> <span class='ocrx_word' id='word_1_77' title='bbox 775 1716 928 1780; x_wconf 85' lang='lat' dir='ltr'>feriarum</span> <span class='ocrx_word' id='word_1_78' title='bbox 947 1737 1146 1801; x_wconf 88' lang='lat' dir='ltr'>quarumque</span> <span class='ocrx_word' id='word_1_79' title='bbox 1160 1718 1341 1783; x_wconf 90' lang='lat' dir='ltr'>uiolaretur</span> <span class='ocrx_word' id='word_1_80' title='bbox 1356 1744 1383 1783; x_wconf 80' lang='lat' dir='ltr'>ro</span> 
     </span>
     <span class='ocr_line' id='line_1_12' title="bbox 328 1805 1340 1889; baseline 0.002 -19"><span class='ocrx_word' id='word_1_81' title='bbox 328 1805 479 1889; x_wconf 89' lang='lat' dir='ltr'>indictio,</span> <span class='ocrx_word' id='word_1_82' title='bbox 511 1805 567 1869; x_wconf 83' lang='lat' dir='ltr'>sed</span> <span class='ocrx_word' id='word_1_83' title='bbox 600 1805 741 1888; x_wconf 88' lang='lat' dir='ltr'>peractis</span> <span class='ocrx_word' id='word_1_84' title='bbox 773 1805 925 1888; x_wconf 90' lang='lat' dir='ltr'>cuiusque</span> <span class='ocrx_word' id='word_1_85' title='bbox 957 1805 1078 1869; x_wconf 86' lang='lat' dir='ltr'>mensis</span> <span class='ocrx_word' id='word_1_86' title='bbox 1107 1805 1197 1869; x_wconf 85' lang='lat' dir='ltr'>feriis</span> <span class='ocrx_word' id='word_1_87' title='bbox 1231 1805 1340 1872; x_wconf 88' lang='lat' dir='ltr'>locum</span> 
     </span>
     <span class='ocr_line' id='line_1_13' title="bbox 328 1891 1341 1979; baseline 0.002 -21"><span class='ocrx_word' id='word_1_88' title='bbox 328 1893 442 1959; x_wconf 85' lang='lat' dir='ltr'>diebus</span> <span class='ocrx_word' id='word_1_89' title='bbox 470 1892 604 1957; x_wconf 89' lang='lat' dir='ltr'>aduenis</span> <span class='ocrx_word' id='word_1_90' title='bbox 632 1894 716 1958; x_wconf 83' lang='lat' dir='ltr'>fecit</span> <span class='ocrx_word' id='word_1_91' title='bbox 762 1898 796 1957; x_wconf 89' lang='lat' dir='ltr'>et</span> <span class='ocrx_word' id='word_1_92' title='bbox 817 1891 967 1957; x_wconf 91' lang='lat' dir='ltr'>Ianuario</span> <span class='ocrx_word' id='word_1_93' title='bbox 996 1892 1123 1977; x_wconf 88' lang='lat' dir='ltr'>quidem</span> <span class='ocrx_word' id='word_1_94' title='bbox 1147 1892 1229 1977; x_wconf 86' lang='lat' dir='ltr'>dies,</span> <span class='ocrx_word' id='word_1_95' title='bbox 1257 1915 1341 1979; x_wconf 92' lang='lat' dir='ltr'>quos</span> 
     </span>
     <span class='ocr_line' id='line_1_14' title="bbox 328 1979 1342 2066; baseline 0.003 -19"><span class='ocrx_word' id='word_1_96' title='bbox 328 1981 478 2065; x_wconf 88' lang='lat' dir='ltr'>dicimus,</span> <span class='ocrx_word' id='word_1_97' title='bbox 516 1985 667 2066; x_wconf 88' lang='lat' dir='ltr'>quartum</span> <span class='ocrx_word' id='word_1_98' title='bbox 705 1986 738 2046; x_wconf 91' lang='lat' dir='ltr'>et</span> <span class='ocrx_word' id='word_1_99' title='bbox 775 1981 906 2046; x_wconf 89' lang='lat' dir='ltr'>tertium</span> <span class='ocrx_word' id='word_1_100' title='bbox 946 1981 1109 2046; x_wconf 86' lang='lat' dir='ltr'>Kalendas</span> <span class='ocrx_word' id='word_1_101' title='bbox 1147 1979 1342 2050; x_wconf 76' lang='lat' dir='ltr'>Februariae</span> 
     </span>
     <span class='ocr_line' id='line_1_15' title="bbox 328 2068 1340 2155; baseline 0.001 -19"><span class='ocrx_word' id='word_1_102' title='bbox 328 2070 428 2155; x_wconf 88' lang='lat' dir='ltr'>dedit,</span> <span class='ocrx_word' id='word_1_103' title='bbox 458 2070 564 2153; x_wconf 86' lang='lat' dir='ltr'>Aprili</span> <span class='ocrx_word' id='word_1_104' title='bbox 592 2076 719 2134; x_wconf 83' lang='lat' dir='ltr'>sextum</span> <span class='ocrx_word' id='word_1_105' title='bbox 747 2068 912 2135; x_wconf 86' lang='lat' dir='ltr'>Kalendas</span> <span class='ocrx_word' id='word_1_106' title='bbox 939 2069 1056 2154; x_wconf 86' lang='lat' dir='ltr'>Maias,</span> <span class='ocrx_word' id='word_1_107' title='bbox 1082 2069 1175 2134; x_wconf 91' lang='lat' dir='ltr'>lunio</span> <span class='ocrx_word' id='word_1_108' title='bbox 1203 2074 1340 2137; x_wconf 88' lang='lat' dir='ltr'>tertium</span> 
     </span>
     <span class='ocr_line' id='line_1_16' title="bbox 328 2157 1382 2242; baseline 0.002 -19"><span class='ocrx_word' id='word_1_109' title='bbox 328 2158 495 2223; x_wconf 86' lang='lat' dir='ltr'>Kalendae</span> <span class='ocrx_word' id='word_1_110' title='bbox 510 2157 620 2235; x_wconf 91' lang='lat' dir='ltr'>Iulias,</span> <span class='ocrx_word' id='word_1_111' title='bbox 639 2157 790 2242; x_wconf 81' lang='lat' dir='ltr'>Augusto</span> <span class='ocrx_word' id='word_1_112' title='bbox 810 2161 960 2242; x_wconf 88' lang='lat' dir='ltr'>quartum</span> <span class='ocrx_word' id='word_1_113' title='bbox 980 2163 1013 2222; x_wconf 91' lang='lat' dir='ltr'>et</span> <span class='ocrx_word' id='word_1_114' title='bbox 1026 2159 1159 2223; x_wconf 86' lang='lat' dir='ltr'>tertium</span> <span class='ocrx_word' id='word_1_115' title='bbox 1173 2157 1341 2225; x_wconf 87' lang='lat' dir='ltr'>Kalendas</span> <span class='ocrx_word' id='word_1_116' title='bbox 1356 2183 1382 2224; x_wconf 72' lang='grc' dir='ltr'>ιο</span> 
     </span>
     <span class='ocr_line' id='line_1_17' title="bbox 329 2243 1342 2334; baseline 0.001 -22"><span class='ocrx_word' id='word_1_117' title='bbox 329 2244 551 2331; x_wconf 82' lang='lat' dir='ltr'>Septembres,</span> <span class='ocrx_word' id='word_1_118' title='bbox 588 2243 771 2329; x_wconf 84' lang='lat' dir='ltr'>Septembri</span> <span class='ocrx_word' id='word_1_119' title='bbox 808 2247 941 2310; x_wconf 90' lang='lat' dir='ltr'>tertium</span> <span class='ocrx_word' id='word_1_120' title='bbox 974 2246 1137 2311; x_wconf 86' lang='lat' dir='ltr'>Kalendas</span> <span class='ocrx_word' id='word_1_121' title='bbox 1169 2247 1342 2334; x_wconf 88' lang='lat' dir='ltr'>Octobres,</span> 
     </span>
     <span class='ocr_line' id='line_1_18' title="bbox 329 2331 1342 2417; baseline 0.003 -19"><span class='ocrx_word' id='word_1_122' title='bbox 329 2333 511 2400; x_wconf 90' lang='lat' dir='ltr'>Nouembri</span> <span class='ocrx_word' id='word_1_123' title='bbox 525 2333 657 2397; x_wconf 87' lang='lat' dir='ltr'>tertium</span> <span class='ocrx_word' id='word_1_124' title='bbox 672 2331 838 2398; x_wconf 86' lang='lat' dir='ltr'>Kalendas</span> <span class='ocrx_word' id='word_1_125' title='bbox 852 2333 1058 2417; x_wconf 87' lang='lat' dir='ltr'>Decembres,</span> <span class='ocrx_word' id='word_1_126' title='bbox 1076 2333 1246 2399; x_wconf 91' lang='lat' dir='ltr'>Decembri</span> <span class='ocrx_word' id='word_1_127' title='bbox 1260 2359 1342 2402; x_wconf 91' lang='lat' dir='ltr'>uero</span> 
     </span>
     <span class='ocr_line' id='line_1_19' title="bbox 277 2420 1341 2507; baseline -0.002 -17"><span class='ocrx_word' id='word_1_128' title='bbox 277 2426 319 2490; x_wconf 92' lang='lat'>10</span> <span class='ocrx_word' id='word_1_129' title='bbox 329 2427 481 2507; x_wconf 89' lang='lat' dir='ltr'>quartum</span> <span class='ocrx_word' id='word_1_130' title='bbox 509 2426 543 2485; x_wconf 88' lang='lat' dir='ltr'>et</span> <span class='ocrx_word' id='word_1_131' title='bbox 568 2421 700 2485; x_wconf 87' lang='lat' dir='ltr'>tertium</span> <span class='ocrx_word' id='word_1_132' title='bbox 728 2420 893 2485; x_wconf 88' lang='lat' dir='ltr'>Kalendas</span> <span class='ocrx_word' id='word_1_133' title='bbox 920 2421 1097 2486; x_wconf 88' lang='lat' dir='ltr'>Ianuarias.</span> <span class='ocrx_word' id='word_1_134' title='bbox 1141 2422 1189 2485; x_wconf 90' lang='lat' dir='ltr'>ita</span> <span class='ocrx_word' id='word_1_135' title='bbox 1217 2422 1341 2488; x_wconf 87' lang='lat' dir='ltr'>factum</span> 
     </span>
     <span class='ocr_line' id='line_1_20' title="bbox 328 2508 1343 2595; baseline 0.001 -21"><span class='ocrx_word' id='word_1_136' title='bbox 328 2514 381 2574; x_wconf 87' lang='lat' dir='ltr'>eat</span> <span class='ocrx_word' id='word_1_137' title='bbox 412 2513 465 2591; x_wconf 91' lang='lat' dir='ltr'>ut,</span> <span class='ocrx_word' id='word_1_138' title='bbox 497 2530 569 2573; x_wconf 91' lang='lat' dir='ltr'>cum</span> <span class='ocrx_word' id='word_1_139' title='bbox 598 2529 710 2572; x_wconf 89' lang='lat' dir='ltr'>omnes</span> <span class='ocrx_word' id='word_1_140' title='bbox 736 2508 771 2572; x_wconf 90' lang='lat' dir='ltr'>hi</span> <span class='ocrx_word' id='word_1_141' title='bbox 799 2530 936 2592; x_wconf 91' lang='lat' dir='ltr'>menses,</span> <span class='ocrx_word' id='word_1_142' title='bbox 964 2509 1081 2592; x_wconf 87' lang='lat' dir='ltr'>quibus</span> <span class='ocrx_word' id='word_1_143' title='bbox 1109 2508 1177 2573; x_wconf 91' lang='lat' dir='ltr'>dies</span> <span class='ocrx_word' id='word_1_144' title='bbox 1206 2509 1343 2595; x_wconf 90' lang='lat' dir='ltr'>addidit,</span> 
     </span>
     <span class='ocr_line' id='line_1_21' title="bbox 329 2595 1383 2682; baseline 0.001 -19"><span class='ocrx_word' id='word_1_145' title='bbox 329 2601 406 2663; x_wconf 87' lang='lat' dir='ltr'>ante</span> <span class='ocrx_word' id='word_1_146' title='bbox 433 2597 518 2662; x_wconf 89' lang='lat' dir='ltr'>banc</span> <span class='ocrx_word' id='word_1_147' title='bbox 546 2595 783 2661; x_wconf 89' lang='lat' dir='ltr'>ordinationem</span> <span class='ocrx_word' id='word_1_148' title='bbox 812 2596 1005 2662; x_wconf 85' lang='lat' dir='ltr'>habuissent</span> <span class='ocrx_word' id='word_1_149' title='bbox 1026 2598 1147 2662; x_wconf 88' lang='lat' dir='ltr'>mensis</span> <span class='ocrx_word' id='word_1_150' title='bbox 1171 2602 1383 2682; x_wconf 79' lang='lat' dir='ltr'>sequentiam</span> 
     </span>
     <span class='ocr_line' id='line_1_22' title="bbox 329 2684 1343 2772; baseline 0.003 -21"><span class='ocrx_word' id='word_1_151' title='bbox 329 2684 493 2751; x_wconf 76' lang='lat' dir='ltr'>Kalendae</span> <span class='ocrx_word' id='word_1_152' title='bbox 522 2684 563 2749; x_wconf 92' lang='lat' dir='ltr'>ad</span> <span class='ocrx_word' id='word_1_153' title='bbox 592 2684 765 2769; x_wconf 88' lang='lat' dir='ltr'>septimum</span> <span class='ocrx_word' id='word_1_154' title='bbox 793 2686 951 2751; x_wconf 86' lang='lat' dir='ltr'>decimum</span> <span class='ocrx_word' id='word_1_155' title='bbox 979 2691 1193 2770; x_wconf 84' lang='lat' dir='ltr'>reuertentes,</span> <span class='ocrx_word' id='word_1_156' title='bbox 1226 2694 1343 2772; x_wconf 86' lang='lat' dir='ltr'>postea</span> 
     </span>
     <span class='ocr_line' id='line_1_23' title="bbox 329 2775 1342 2864; baseline 0.004 -23"><span class='ocrx_word' id='word_1_157' title='bbox 329 2799 368 2841; x_wconf 87' lang='lat' dir='ltr'>ex</span> <span class='ocrx_word' id='word_1_158' title='bbox 392 2780 570 2861; x_wconf 80' lang='lat' dir='ltr'>augmento</span> <span class='ocrx_word' id='word_1_159' title='bbox 598 2775 782 2839; x_wconf 86' lang='lat' dir='ltr'>additurum</span> <span class='ocrx_word' id='word_1_160' title='bbox 806 2776 929 2841; x_wconf 88' lang='lat' dir='ltr'>dieruru</span> <span class='ocrx_word' id='word_1_161' title='bbox 952 2775 1000 2860; x_wconf 88' lang='lat' dir='ltr'>bi,</span> <span class='ocrx_word' id='word_1_162' title='bbox 1029 2777 1084 2860; x_wconf 91' lang='lat' dir='ltr'>qui</span> <span class='ocrx_word' id='word_1_163' title='bbox 1108 2775 1188 2841; x_wconf 88' lang='lat' dir='ltr'>duos</span> <span class='ocrx_word' id='word_1_164' title='bbox 1211 2798 1342 2864; x_wconf 90' lang='lat' dir='ltr'>accepe-</span> 
     </span>
     <span class='ocr_line' id='line_1_24' title="bbox 329 2862 1343 2950; baseline 0.003 -20"><span class='ocrx_word' id='word_1_165' title='bbox 329 2871 416 2950; x_wconf 89' lang='lat' dir='ltr'>runt,</span> <span class='ocrx_word' id='word_1_166' title='bbox 438 2864 478 2931; x_wconf 84' lang='lat' dir='ltr'>ad</span> <span class='ocrx_word' id='word_1_167' title='bbox 497 2885 618 2929; x_wconf 92' lang='lat' dir='ltr'>nonum</span> <span class='ocrx_word' id='word_1_168' title='bbox 638 2862 806 2948; x_wconf 90' lang='lat' dir='ltr'>decimum,</span> <span class='ocrx_word' id='word_1_169' title='bbox 829 2866 883 2948; x_wconf 93' lang='lat' dir='ltr'>qui</span> <span class='ocrx_word' id='word_1_170' title='bbox 903 2886 980 2930; x_wconf 93' lang='lat' dir='ltr'>uero</span> <span class='ocrx_word' id='word_1_171' title='bbox 999 2887 1109 2950; x_wconf 92' lang='lat' dir='ltr'>uuum,</span> <span class='ocrx_word' id='word_1_172' title='bbox 1128 2865 1169 2930; x_wconf 90' lang='lat' dir='ltr'>ad</span> <span class='ocrx_word' id='word_1_173' title='bbox 1188 2873 1343 2933; x_wconf 86' lang='lat' dir='ltr'>octauum</span> 
     </span>
     <span class='ocr_line' id='line_1_25' title="bbox 278 2953 1342 3021; baseline 0 0"><span class='ocrx_word' id='word_1_174' title='bbox 278 2954 489 3021; x_wconf 88' lang='lat' dir='ltr'>lldecimum</span> <span class='ocrx_word' id='word_1_175' title='bbox 528 2953 688 3017; x_wconf 86' lang='lat' dir='ltr'>heberent</span> <span class='ocrx_word' id='word_1_176' title='bbox 724 2953 864 3018; x_wconf 88' lang='lat' dir='ltr'>reditum</span> <span class='ocrx_word' id='word_1_177' title='bbox 901 2953 1131 3019; x_wconf 86' lang='lat' dir='ltr'>Kalendarum.</span> <span class='ocrx_word' id='word_1_178' title='bbox 1186 2953 1342 3021; x_wconf 89' lang='lat' dir='ltr'>ieriarum</span> 
     </span>
     <span class='ocr_line' id='line_1_26' title="bbox 330 3041 1383 3124; baseline -0.002 -17"><span class='ocrx_word' id='word_1_179' title='bbox 330 3048 442 3107; x_wconf 85' lang='lat' dir='ltr'>tamen</span> <span class='ocrx_word' id='word_1_180' title='bbox 466 3041 621 3124; x_wconf 87' lang='lat' dir='ltr'>cuiusque</span> <span class='ocrx_word' id='word_1_181' title='bbox 645 3041 766 3104; x_wconf 81' lang='lat' dir='ltr'>mensis</span> <span class='ocrx_word' id='word_1_182' title='bbox 790 3042 868 3106; x_wconf 93' lang='lat' dir='ltr'>ordo</span> <span class='ocrx_word' id='word_1_183' title='bbox 893 3047 1039 3106; x_wconf 88' lang='lat' dir='ltr'>seruatus</span> <span class='ocrx_word' id='word_1_184' title='bbox 1063 3047 1120 3106; x_wconf 83' lang='lat' dir='ltr'>est</span> <span class='ocrx_word' id='word_1_185' title='bbox 1161 3065 1237 3107; x_wconf 91' lang='lat' dir='ltr'>uam</span> <span class='ocrx_word' id='word_1_186' title='bbox 1257 3045 1339 3109; x_wconf 88' lang='lat' dir='ltr'>sicui</span> <span class='ocrx_word' id='word_1_187' title='bbox 1354 3066 1383 3106; x_wconf 76' lang='lat' dir='ltr'>aa</span> 
     </span>
     <span class='ocr_line' id='line_1_27' title="bbox 330 3128 1344 3215; baseline 0.006 -23"><span class='ocrx_word' id='word_1_188' title='bbox 330 3129 398 3194; x_wconf 84' lang='lat' dir='ltr'>fere</span> <span class='ocrx_word' id='word_1_189' title='bbox 421 3129 537 3193; x_wconf 86' lang='lat' dir='ltr'>tertius</span> <span class='ocrx_word' id='word_1_190' title='bbox 561 3129 603 3193; x_wconf 89' lang='lat' dir='ltr'>ab</span> <span class='ocrx_word' id='word_1_191' title='bbox 626 3128 735 3192; x_wconf 89' lang='lat' dir='ltr'>Idibus</span> <span class='ocrx_word' id='word_1_192' title='bbox 759 3128 826 3193; x_wconf 91' lang='lat' dir='ltr'>dies</span> <span class='ocrx_word' id='word_1_193' title='bbox 850 3131 953 3195; x_wconf 86' lang='lat' dir='ltr'>feetua</span> <span class='ocrx_word' id='word_1_194' title='bbox 976 3135 1033 3193; x_wconf 87' lang='lat' dir='ltr'>aut</span> <span class='ocrx_word' id='word_1_195' title='bbox 1055 3131 1190 3194; x_wconf 86' lang='lat' dir='ltr'>feriatus</span> <span class='ocrx_word' id='word_1_196' title='bbox 1212 3132 1285 3215; x_wconf 90' lang='lat' dir='ltr'>fnit,</span> <span class='ocrx_word' id='word_1_197' title='bbox 1310 3139 1344 3198; x_wconf 88' lang='lat' dir='ltr'>et</span> 
     </span>
     <span class='ocr_line' id='line_1_28' title="bbox 330 3215 1344 3302; baseline 0.003 -21"><span class='ocrx_word' id='word_1_198' title='bbox 330 3222 409 3282; x_wconf 88' lang='lat' dir='ltr'>tunc</span> <span class='ocrx_word' id='word_1_199' title='bbox 441 3239 469 3280; x_wconf 86' lang='lat' dir='ltr'>a.</span> <span class='ocrx_word' id='word_1_200' title='bbox 502 3216 532 3280; x_wconf 85' lang='lat' dir='ltr'>d.</span> <span class='ocrx_word' id='word_1_201' title='bbox 564 3219 691 3280; x_wconf 85' lang='lat' dir='ltr'>sextum</span> <span class='ocrx_word' id='word_1_202' title='bbox 724 3215 884 3281; x_wconf 90' lang='lat' dir='ltr'>decimum</span> <span class='ocrx_word' id='word_1_203' title='bbox 917 3218 1095 3300; x_wconf 85' lang='lat' dir='ltr'>dicebatur,</span> <span class='ocrx_word' id='word_1_204' title='bbox 1131 3219 1233 3282; x_wconf 89' lang='lat' dir='ltr'>etiam</span> <span class='ocrx_word' id='word_1_205' title='bbox 1264 3226 1344 3302; x_wconf 87' lang='lat' dir='ltr'>post</span> 
     </span>
     <span class='ocr_line' id='line_1_29' title="bbox 331 3303 1342 3390; baseline 0.003 -22"><span class='ocrx_word' id='word_1_206' title='bbox 331 3306 544 3390; x_wconf 83' lang='lat' dir='ltr'>augmentum</span> <span class='ocrx_word' id='word_1_207' title='bbox 563 3303 685 3367; x_wconf 90' lang='lat' dir='ltr'>dierum</span> <span class='ocrx_word' id='word_1_208' title='bbox 705 3303 816 3367; x_wconf 91' lang='lat' dir='ltr'>eadem</span> <span class='ocrx_word' id='word_1_209' title='bbox 835 3305 952 3389; x_wconf 80' lang='lat' dir='ltr'>religio</span> <span class='ocrx_word' id='word_1_210' title='bbox 969 3311 1099 3369; x_wconf 82' lang='lat' dir='ltr'>seruata</span> <span class='ocrx_word' id='word_1_211' title='bbox 1113 3310 1172 3388; x_wconf 88' lang='lat' dir='ltr'>eet,</span> <span class='ocrx_word' id='word_1_212' title='bbox 1191 3310 1228 3370; x_wconf 94' lang='lat' dir='ltr'>ut</span> <span class='ocrx_word' id='word_1_213' title='bbox 1242 3309 1342 3372; x_wconf 91' lang='lat' dir='ltr'>tertio</span> 
     </span>
     <span class='ocr_line' id='line_1_30' title="bbox 332 3389 1343 3476; baseline 0.005 -20"><span class='ocrx_word' id='word_1_214' title='bbox 332 3393 372 3457; x_wconf 89' lang='lat' dir='ltr'>ab</span> <span class='ocrx_word' id='word_1_215' title='bbox 396 3390 509 3455; x_wconf 89' lang='lat' dir='ltr'>Idibus</span> <span class='ocrx_word' id='word_1_216' title='bbox 537 3390 587 3454; x_wconf 90' lang='lat' dir='ltr'>die</span> <span class='ocrx_word' id='word_1_217' title='bbox 616 3389 848 3476; x_wconf 87' lang='lat' dir='ltr'>celebraretur,</span> <span class='ocrx_word' id='word_1_218' title='bbox 876 3393 952 3457; x_wconf 91' lang='lat' dir='ltr'>licet</span> <span class='ocrx_word' id='word_1_219' title='bbox 979 3393 1020 3458; x_wconf 90' lang='lat' dir='ltr'>ab</span> <span class='ocrx_word' id='word_1_220' title='bbox 1048 3392 1247 3459; x_wconf 91' lang='lat' dir='ltr'>incremento</span> <span class='ocrx_word' id='word_1_221' title='bbox 1275 3418 1343 3460; x_wconf 93' lang='lat' dir='ltr'>non</span> 
     </span>
     <span class='ocr_line' id='line_1_31' title="bbox 331 3478 1388 3568; baseline 0.005 -24"><span class='ocrx_word' id='word_1_222' title='bbox 331 3481 396 3544; x_wconf 90' lang='lat' dir='ltr'>iam</span> <span class='ocrx_word' id='word_1_223' title='bbox 425 3501 453 3544; x_wconf 88' lang='lat' dir='ltr'>a.</span> <span class='ocrx_word' id='word_1_224' title='bbox 477 3478 505 3544; x_wconf 90' lang='lat' dir='ltr'>d.</span> <span class='ocrx_word' id='word_1_225' title='bbox 534 3483 660 3543; x_wconf 85' lang='lat' dir='ltr'>sertum</span> <span class='ocrx_word' id='word_1_226' title='bbox 688 3480 847 3544; x_wconf 90' lang='lat' dir='ltr'>decimum</span> <span class='ocrx_word' id='word_1_227' title='bbox 871 3479 1035 3546; x_wconf 88' lang='lat' dir='ltr'>Kalendas</span> <span class='ocrx_word' id='word_1_228' title='bbox 1058 3482 1113 3546; x_wconf 86' lang='lat' dir='ltr'>sed</span> <span class='ocrx_word' id='word_1_229' title='bbox 1139 3503 1166 3546; x_wconf 84' lang='lat' dir='ltr'>a.</span> <span class='ocrx_word' id='word_1_230' title='bbox 1190 3483 1219 3547; x_wconf 91' lang='lat' dir='ltr'>d.</span> <span class='ocrx_word' id='word_1_231' title='bbox 1243 3485 1340 3568; x_wconf 90' lang='lat' dir='ltr'>septi·</span> <span class='ocrx_word' id='word_1_232' title='bbox 1359 3507 1388 3548; x_wconf 80' lang='lat' dir='ltr'>eo</span> 
     </span>
    </p>
   </div>
   <div class='ocr_carea' id='block_1_3' title="bbox 329 3614 1349 4178">
    <p class='ocr_par' dir='ltr' id='par_1_3' title="bbox 329 3614 1349 4178">
     <span class='ocr_line' id='line_1_32' title="bbox 402 3614 1348 3678; baseline 0.007 -6"><span class='ocrx_word' id='word_1_233' title='bbox 402 3626 418 3672; x_wconf 68' lang='grc' dir='ltr'>Β</span> <span class='ocrx_word' id='word_1_234' title='bbox 439 3634 594 3672; x_wconf 81' lang='lat' dir='ltr'>ianuarium</span> <span class='ocrx_word' id='word_1_235' title='bbox 614 3614 649 3670; x_wconf 85' lang='lat' dir='ltr'>B&#39;</span> <span class='ocrx_word' id='word_1_236' title='bbox 737 3617 795 3672; x_wconf 85' lang='lat' dir='ltr'>sext</span> <span class='ocrx_word' id='word_1_237' title='bbox 817 3620 849 3674; x_wconf 76' lang='lat' dir='ltr'>in</span> <span class='ocrx_word' id='word_1_238' title='bbox 867 3619 970 3674; x_wconf 80' lang='lat' dir='ltr'>sextilis</span> <span class='ocrx_word' id='word_1_239' title='bbox 985 3622 1017 3675; x_wconf 78' lang='lat' dir='ltr'>in</span> <span class='ocrx_word' id='word_1_240' title='bbox 1034 3636 1088 3677; x_wconf 76' lang='lat' dir='ltr'>rae.</span> <span class='ocrx_word' id='word_1_241' title='bbox 1108 3622 1207 3676; x_wconf 79' lang='lat' dir='ltr'>deinde</span> <span class='ocrx_word' id='word_1_242' title='bbox 1225 3621 1248 3675; x_wconf 76' lang='lat' dir='ltr'>dr</span> <span class='ocrx_word' id='word_1_243' title='bbox 1266 3625 1299 3678; x_wconf 79' lang='lat' dir='ltr'>in</span> <span class='ocrx_word' id='word_1_244' title='bbox 1318 3626 1348 3678; x_wconf 89' lang='lat' dir='ltr'><em>P</em></span> 
     </span>
     <span class='ocr_line' id='line_1_33' title="bbox 331 3687 1344 3757; baseline 0.003 -12"><span class='ocrx_word' id='word_1_245' title='bbox 331 3690 492 3757; x_wconf 73' lang='lat' dir='ltr'>taceperit</span> <span class='ocrx_word' id='word_1_246' title='bbox 511 3687 546 3742; x_wconf 85' lang='lat' dir='ltr'>P‘</span> <span class='ocrx_word' id='word_1_247' title='bbox 616 3688 772 3743; x_wconf 79' lang='lat' dir='ltr'>nouarum.</span> <span class='ocrx_word' id='word_1_248' title='bbox 792 3689 820 3743; x_wconf 91' lang='lat' dir='ltr'><strong><em>P</em></strong></span> <span class='ocrx_word' id='word_1_249' title='bbox 884 3696 947 3744; x_wconf 78' lang='lat' dir='ltr'>bru</span> <span class='ocrx_word' id='word_1_250' title='bbox 966 3707 1016 3746; x_wconf 75' lang='lat' dir='ltr'>ona</span> <span class='ocrx_word' id='word_1_251' title='bbox 1036 3692 1093 3746; x_wconf 89' lang='lat' dir='ltr'>BP</span> <span class='ocrx_word' id='word_1_252' title='bbox 1134 3698 1167 3746; x_wconf 44' lang='grc' dir='ltr'>λ7</span> <span class='ocrx_word' id='word_1_253' title='bbox 1188 3708 1223 3746; x_wconf 86' lang='lat' dir='ltr'>ue</span> <span class='ocrx_word' id='word_1_254' title='bbox 1242 3709 1344 3748; x_wconf 88' lang='lat' dir='ltr'>uorum</span> 
     </span>
     <span class='ocr_line' id='line_1_34' title="bbox 330 3757 1349 3818; baseline 0.004 -5"><span class='ocrx_word' id='word_1_255' title='bbox 330 3757 369 3813; x_wconf 87' lang='lat' dir='ltr'>B&#39;</span> <span class='ocrx_word' id='word_1_256' title='bbox 435 3758 554 3812; x_wconf 75' lang='lat' dir='ltr'>trdrum</span> <span class='ocrx_word' id='word_1_257' title='bbox 573 3759 608 3811; x_wconf 91' lang='lat' dir='ltr'>B&#39;</span> <span class='ocrx_word' id='word_1_258' title='bbox 671 3761 752 3812; x_wconf 90' lang='lat' dir='ltr'>eraut</span> <span class='ocrx_word' id='word_1_259' title='bbox 770 3759 797 3812; x_wconf 90' lang='lat' dir='ltr'><strong><em>P</em></strong></span> <span class='ocrx_word' id='word_1_260' title='bbox 855 3765 886 3813; x_wconf 72' lang='lat' dir='ltr'>lt</span> <span class='ocrx_word' id='word_1_261' title='bbox 906 3760 967 3814; x_wconf 86' lang='lat' dir='ltr'>drel</span> <span class='ocrx_word' id='word_1_262' title='bbox 981 3778 1031 3815; x_wconf 77' lang='lat' dir='ltr'>ora.</span> <span class='ocrx_word' id='word_1_263' title='bbox 1050 3762 1079 3814; x_wconf 89' lang='lat' dir='ltr'><strong><em>P</em></strong></span> <span class='ocrx_word' id='word_1_264' title='bbox 1136 3769 1168 3815; x_wconf 77' lang='lat'>18</span> <span class='ocrx_word' id='word_1_265' title='bbox 1188 3762 1349 3818; x_wconf 79' lang='lat' dir='ltr'>febroarius</span> 
     </span>
     <span class='ocr_line' id='line_1_35' title="bbox 331 3827 1345 3898; baseline 0.004 -14"><span class='ocrx_word' id='word_1_266' title='bbox 331 3829 366 3884; x_wconf 78' lang='grc' dir='ltr'>Β</span> <span class='ocrx_word' id='word_1_267' title='bbox 371 3829 399 3883; x_wconf 90' lang='grc' dir='ltr'><em>Ρ</em></span> <span class='ocrx_word' id='word_1_268' title='bbox 453 3835 485 3882; x_wconf 75' lang='lat'>1⁴</span> <span class='ocrx_word' id='word_1_269' title='bbox 505 3827 653 3897; x_wconf 83' lang='lat' dir='ltr'>aprrlrlB&#39;</span> <span class='ocrx_word' id='word_1_270' title='bbox 712 3835 743 3881; x_wconf 80' lang='lat' dir='ltr'>lb</span> <span class='ocrx_word' id='word_1_271' title='bbox 762 3832 877 3884; x_wconf 82' lang='lat' dir='ltr'>tertium</span> <span class='ocrx_word' id='word_1_272' title='bbox 896 3834 926 3884; x_wconf 90' lang='lat' dir='ltr'>et</span> <span class='ocrx_word' id='word_1_273' title='bbox 943 3829 1127 3898; x_wconf 72' lang='lat' dir='ltr'>quartumH</span> <span class='ocrx_word' id='word_1_274' title='bbox 1184 3840 1291 3888; x_wconf 80' lang='grc'>16-18</span> <span class='ocrx_word' id='word_1_275' title='bbox 1312 3837 1345 3889; x_wconf 84' lang='lat' dir='ltr'>lrl</span> 
     </span>
     <span class='ocr_line' id='line_1_36' title="bbox 331 3899 1343 3967; baseline 0.006 -14"><span class='ocrx_word' id='word_1_276' title='bbox 331 3900 359 3953; x_wconf 91' lang='lat' dir='ltr'><strong><em>P</em></strong></span> <span class='ocrx_word' id='word_1_277' title='bbox 424 3905 459 3952; x_wconf 77' lang='lat'>20</span> <span class='ocrx_word' id='word_1_278' title='bbox 478 3899 666 3967; x_wconf 78' lang='lat' dir='ltr'>sequentelB</span> <span class='ocrx_word' id='word_1_279' title='bbox 728 3904 761 3951; x_wconf 71' lang='lat' dir='ltr'>tt</span> <span class='ocrx_word' id='word_1_280' title='bbox 781 3908 938 3955; x_wconf 85' lang='lat' dir='ltr'>aucmento</span> <span class='ocrx_word' id='word_1_281' title='bbox 958 3902 986 3956; x_wconf 87' lang='grc' dir='ltr'>Β</span> <span class='ocrx_word' id='word_1_282' title='bbox 1049 3907 1084 3955; x_wconf 71' lang='lat' dir='ltr'>‘ll</span> <span class='ocrx_word' id='word_1_283' title='bbox 1101 3900 1287 3958; x_wconf 81' lang='lat' dir='ltr'>kalendarum</span> <span class='ocrx_word' id='word_1_284' title='bbox 1306 3906 1343 3959; x_wconf 90' lang='lat' dir='ltr'>B&#39;</span> 
     </span>
     <span class='ocr_line' id='line_1_37' title="bbox 329 3966 1344 4041; baseline 0.007 -20"><span class='ocrx_word' id='word_1_285' title='bbox 329 3974 365 4021; x_wconf 71' lang='lat' dir='ltr'>to</span> <span class='ocrx_word' id='word_1_286' title='bbox 385 3969 456 4038; x_wconf 79' lang='lat' dir='ltr'>terre</span> <span class='ocrx_word' id='word_1_287' title='bbox 519 3972 632 4023; x_wconf 80' lang='lat' dir='ltr'>tertium</span> <span class='ocrx_word' id='word_1_288' title='bbox 652 3966 687 4021; x_wconf 78' lang='grc' dir='ltr'>Β</span> <span class='ocrx_word' id='word_1_289' title='bbox 752 3976 784 4024; x_wconf 71' lang='lat' dir='ltr'>tl</span> <span class='ocrx_word' id='word_1_290' title='bbox 860 3971 916 4025; x_wconf 89' lang='grc' dir='ltr'>ΒΡ</span> <span class='ocrx_word' id='word_1_291' title='bbox 969 3977 1004 4026; x_wconf 73' lang='lat'>28</span> <span class='ocrx_word' id='word_1_292' title='bbox 1023 3972 1198 4041; x_wconf 67' lang='lat' dir='ltr'>relrgroel&#39;</span> <span class='ocrx_word' id='word_1_293' title='bbox 1256 3975 1344 4029; x_wconf 83' lang='lat' dir='ltr'>reler-</span> 
     </span>
     <span class='ocr_line' id='line_1_38' title="bbox 329 4039 1343 4113; baseline 0.008 -21"><span class='ocrx_word' id='word_1_294' title='bbox 329 4040 398 4093; x_wconf 78' lang='lat' dir='ltr'>nata</span> <span class='ocrx_word' id='word_1_295' title='bbox 417 4040 445 4093; x_wconf 90' lang='grc' dir='ltr'>Β</span> <span class='ocrx_word' id='word_1_296' title='bbox 512 4045 546 4092; x_wconf 73' lang='lat' dir='ltr'>tt</span> <span class='ocrx_word' id='word_1_297' title='bbox 565 4039 629 4093; x_wconf 84' lang='lat' dir='ltr'>ldns</span> <span class='ocrx_word' id='word_1_298' title='bbox 645 4040 673 4093; x_wconf 91' lang='grc' dir='ltr'>Β</span> <span class='ocrx_word' id='word_1_299' title='bbox 736 4046 770 4095; x_wconf 77' lang='grc'>80</span> <span class='ocrx_word' id='word_1_300' title='bbox 789 4040 825 4095; x_wconf 87' lang='lat' dir='ltr'>nd</span> <span class='ocrx_word' id='word_1_301' title='bbox 844 4041 901 4094; x_wconf 88' lang='lat' dir='ltr'>BP</span> <span class='ocrx_word' id='word_1_302' title='bbox 959 4043 994 4097; x_wconf 88' lang='lat' dir='ltr'>ad</span> <span class='ocrx_word' id='word_1_303' title='bbox 1013 4043 1047 4111; x_wconf 92' lang='lat' dir='ltr'>P,</span> <span class='ocrx_word' id='word_1_304' title='bbox 1066 4043 1129 4096; x_wconf 87' lang='lat' dir='ltr'>aB</span> <span class='ocrx_word' id='word_1_305' title='bbox 1192 4044 1343 4113; x_wconf 77' lang='lat' dir='ltr'>repomum</span> 
     </span>
     <span class='ocr_line' id='line_1_39' title="bbox 329 4108 737 4178; baseline 0.005 -17"><span class='ocrx_word' id='word_1_306' title='bbox 329 4108 469 4164; x_wconf 78' lang='lat' dir='ltr'>decimum</span> <span class='ocrx_word' id='word_1_307' title='bbox 489 4108 524 4161; x_wconf 74' lang='lat' dir='ltr'>Pr</span> <span class='ocrx_word' id='word_1_308' title='bbox 545 4108 690 4178; x_wconf 78' lang='lat' dir='ltr'>septimum</span> <span class='ocrx_word' id='word_1_309' title='bbox 709 4110 737 4163; x_wconf 91' lang='grc' dir='ltr'>Β</span> 
     </span>
    </p>
   </div>
   <div class='ocr_carea' id='block_1_4' title="bbox 0 0 1666 5190">
    <p class='ocr_par' dir='ltr' id='par_1_4' title="bbox 0 0 1666 5190">
     <span class='ocr_line' id='line_1_40' title="bbox 0 0 1666 5190; baseline 0 1"><span class='ocrx_word' id='word_1_310' title='bbox 0 0 1666 5190; x_wconf 95' lang='lat' dir='ltr'> </span> 
     </span>
    </p>
   </div>
  </div>
 </body>
</html>
