3322 5190
685 860 889 919 PRAEFATIO
1271 863 1298 920 V

283 1024 417 1110 spiritus
443 1025 513 1091 iota
540 1025 758 1110 subscriptum
788 1027 922 1111 omissa,
951 1026 1025 1091 inde
1048 1048 1069 1090 a
1091 1048 1121 1110 p.
1145 1026 1225 1110 262,
1255 1027 1296 1094 18

282 1132 351 1195 iota
373 1131 591 1216 subscriptum
616 1133 811 1218 aliquotiens
836 1132 980 1198 additum
1005 1130 1096 1219 (ΤωΙ)
1124 1132 1254 1198 atinde
1278 1155 1298 1198 a

282 1261 312 1322 p.
335 1237 414 1321 264,
446 1239 486 1303 17
518 1263 538 1303 ν
565 1238 687 1305 lineola
714 1237 779 1325 (ita
801 1238 900 1326 εΡΓῧ)
931 1237 1150 1326 significatum
1180 1242 1298 1304 notare

282 1342 371 1408 desii.
416 1366 516 1410 unnm
541 1345 658 1410 addam
684 1353 708 1405 Ξ
733 1346 921 1432 signifigura
946 1343 976 1429 ξ,
999 1367 1063 1409 non
1084 1347 1101 1424 ζ
1123 1343 1162 1429 (Ζ
1182 1345 1218 1410 in
1235 1345 1298 1413 hoo

282 1448 391 1515 codice
415 1451 590 1539 scriptam)
613 1456 651 1518 ut
677 1452 722 1536 is,
750 1452 840 1518 cuius
863 1452 974 1517 lanius
1004 1473 1104 1536 opera
1131 1473 1209 1517 usus
1238 1455 1297 1538 eat,

282 1556 567 1642 interpretabatur.
589 1597 628 1608 -
650 1560 803 1626 uersiculi
825 1561 903 1624 snut
921 1559 1121 1644 quadrageni
1140 1559 1298 1643 quaterni,

282 1663 451 1729 columnae
478 1665 575 1730 binae
602 1669 733 1750 practer
759 1667 840 1732 folia
867 1666 984 1751 uiginti
1019 1665 1161 1750 quinque
1188 1666 1297 1750 priora

281 1768 349 1833 sine
372 1770 557 1838 interductu
582 1772 713 1858 scripta.

370 1875 478 1943 Codex
506 1878 809 1966 Bambergensis
838 1879 988 1965 signatus
1016 1882 1067 1944 est
1090 1878 1133 1944 M.
1152 1879 1187 1944 Ia
1206 1877 1246 1945 V.
1265 1879 1297 1946 5.

282 2003 341 2048 uro
356 1984 386 2048 9.
414 1986 582 2067 praeterea
600 1985 635 2050 iu
653 1987 816 2071 ligaturae
835 1985 988 2069 operculo
1008 1985 1166 2050 exteriora
1185 2007 1296 2050 nume·

281 2109 334 2152 rua
358 2089 534 2174 inscriptus
559 2091 782 2176 58161188),
812 2091 934 2156 laeclrii
963 2094 1013 2156 est
1036 2091 1110 2155 813.
1156 2091 1295 2176 scriptus

281 2197 329 2258 eat
357 2197 486 2262 saeculo
514 2218 602 2262 nouo
631 2198 768 2261 exeunte
792 2197 827 2261 in
849 2197 1046 2262 membranis
1070 2195 1195 2261 formae
1219 2218 1295 2280 qua·

282 2299 393 2364 dratae
417 2303 559 2367 minoris.
601 2305 731 2367 constat
754 2300 840 2366 foliis
860 2302 1031 2386 sexaginta
1050 2305 1204 2385 quattuor
1225 2301 1295 2366 siue

281 2407 548 2491 quaternionibus
579 2411 661 2473 octo.
716 2407 873 2493 primaria
904 2406 1066 2492 scriptura
1100 2405 1295 2492 aliquotiens

282 2514 392 2580 cadem
412 2538 508 2581 manu
528 2514 700 2580 amendata
718 2518 777 2581 cst
806 2514 961 2580 uersiculi
981 2517 1057 2580 aunt
1074 2513 1181 2580 niceni
1200 2513 1296 2581 terni.

284 2623 426 2686 continet
444 2620 703 2687 Saturnaliorum
724 2622 825 2686 libros
844 2620 955 2685 I-lll
977 2622 1027 2705 19,
1041 2620 1062 2686 5
1077 2618 1123 2707 (p.
1137 2620 1213 2704 218,
1228 2617 1295 2706 20).

283 2765 324 2774 —
349 2727 442 2792 Alter
461 2726 762 2815 Bambergenais
782 2728 930 2814 signatus
954 2727 996 2793 M.
1012 2726 1069 2791 lV.
1086 2727 1137 2793 15.
1151 2726 1177 2792 l*
1190 2749 1250 2792 nro
1264 2729 1296 2811 4,

282 2833 402 2899 laeclrii
421 2834 495 2918 875,
518 2835 658 2918 scriptus
678 2838 729 2900 est
753 2833 883 2899 saeculo
908 2833 1078 2898 undecimo
1102 2838 1237 2900 exeunte
1262 2834 1296 2900 in

281 2940 477 3006 membranis
505 2940 629 3006 formae
657 2940 819 3026 oblongae
847 2941 989 3005 maioris.
1040 2944 1170 3006 constat
1197 2940 1294 3007 hodie

282 3047 546 3131 quaternionibus
570 3051 727 3134 quattuor
749 3050 783 3113 et
805 3047 892 3113 loliis
917 3051 1085 3132 quattuor,
1107 3070 1185 3112 nam
1208 3069 1293 3113 unus

281 3154 451 3240 quaternio
483 3154 580 3240 periit
610 3159 644 3221 et
673 3155 771 3220 ceteri
800 3154 896 3220 hodie
927 3155 975 3219 ita
1009 3155 1170 3240 compacti
1206 3158 1295 3220 aunt:

285 3263 299 3325 1
322 3263 342 3325 2
361 3261 383 3326 5
400 3262 431 3327 4.
464 3262 632 3347 quaternio
648 3261 806 3328 secundus
822 3262 941 3328 desinit
954 3261 1071 3345 qutrc
1086 3259 1132 3348 (p.
1142 3259 1296 3350 533,21),

284 3369 428 3453 sequitur
446 3369 614 3452 quaternio
634 3371 765 3454 quintus
782 3370 913 3452 srrqorrs
929 3369 979 3434 acl
992 3370 1105 3434 calores
1119 3368 1163 3452 (p.
1175 3370 1249 3453 601,
1259 3367 1295 3454 8)

282 3474 315 3538 iu
331 3474 409 3540 lraec
424 3474 524 3540 uerba
535 3473 683 3540 desinens
698 3496 768 3540 curu
777 3475 837 3540 ancl
850 3475 936 3540 dulce
946 3469 1101 3556 appellunt
1112 3472 1242 3559 (p.638,
1249 3473 1295 3561 5),

286 3582 429 3664 sequitur
450 3580 619 3665 quaternio
642 3585 778 3666 quartus
802 3582 963 3647 stellarum
985 3581 1069 3645 alica
1092 3577 1138 3665 (p.
1156 3580 1238 3662 563,
1257 3577 1294 3665 3)

282 3685 431 3751 desinens
461 3687 495 3750 in
526 3688 625 3751 uerba
655 3688 728 3752 loca
758 3692 837 3752 rato
865 3709 897 3753 sc
930 3706 1071 3751 ιιιοιεεινη
1095 3705 1213 3767 quassae
1247 3705 1294 3750 m·

282 3796 400 3857 caretate
421 3792 472 3856 cccl
495 3789 539 3878 (p.
563 3793 637 3874 601,
660 3790 711 3879 8),
742 3792 857 3858 deinde
880 3792 938 3857 sol.
962 3795 1004 3857 33
1028 3794 1152 3856 rectum
1175 3790 1223 3855 ita
1245 3790 1294 3854 in·

281 3896 360 3980 cipit
381 3918 444 3962 non
466 3897 557 3961 ulrad
577 3897 659 3978 qnod
679 3897 760 3962 lranc
782 3896 827 3981 (p.
848 3898 927 3980 638,
947 3896 991 3981 5).
1044 3896 1194 3961 uersiculi
1219 3898 1295 3961 suut

283 4003 315 4066 in
345 4003 502 4068 columnia
532 4002 683 4067 bilariam
713 4003 826 4067 diuisis
857 4003 1056 4089 quadrageni
1087 4002 1216 4087 singuli.
1251 4037 1293 4048 -

282 4130 362 4191 quac
390 4108 487 4173 aliter
513 4130 533 4170 a
560 4129 611 4172 me
639 4112 772 4175 enotata
800 4111 877 4174 aunt
907 4145 945 4155 —
976 4113 1052 4173 aunt
1080 4112 1186 4174 autem
1216 4107 1294 4173 satia

283 4215 384 4280 multa
409 4252 447 4262 —
474 4217 572 4299 atque
596 4216 637 4280 ab
661 4213 769 4302 lanio,
796 4216 828 4280 in
858 4215 905 4280 eis
933 4238 984 4280 rue
1012 4215 1101 4280 illius
1132 4236 1294 4281 commen·
