3442 5190
776 804 828 860 XV
846 810 933 860 2-11
1321 805 1364 871 75

351 966 476 1034 cedenti
499 967 601 1033 mensi
625 967 733 1052 plures
756 966 835 1053 dies,
857 971 915 1034 aut
933 991 1005 1035 curn
1026 968 1170 1053 celerius,
1193 969 1363 1054 pauciores

351 1057 516 1139 darentur,
543 1061 577 1121 et
603 1056 744 1142 singulis
773 1057 954 1142 quibusque
982 1058 1147 1124 mensibus
1171 1060 1362 1142 perpetuam

350 1145 476 1211 numeri
502 1146 608 1232 legem
636 1144 761 1230 primus
790 1168 884 1211 casus
907 1145 1041 1211 addixit.
1088 1147 1135 1212 sic
1157 1147 1281 1213 factum
1304 1151 1363 1232 est,
1471 1151 1473 1155 ’

350 1238 387 1299 ut
409 1235 464 1300 alii
487 1235 625 1320 triginta
647 1238 681 1299 et
703 1256 817 1319 unum,
839 1233 895 1299 alii
920 1233 1143 1319 undetriginta
1166 1236 1363 1302 sortirentur

325 1322 426 1388 adies
462 1324 612 1388 omnibus
635 1326 745 1388 tamen
769 1323 937 1389 mensibus
961 1345 1000 1388 ax
1023 1322 1074 1388 die
1093 1322 1261 1390 Nonarum
1284 1324 1393 1391 Idus'l

350 1433 434 1477 nono
463 1411 514 1476 die
542 1411 779 1497 repraesentari
807 1412 944 1498 placuit,
971 1416 1006 1476 et
1032 1412 1119 1477 inter
1140 1412 1217 1478 Idus
1245 1435 1283 1479 ac
1311 1434 1361 1478 se-

350 1503 482 1585 quentes
505 1501 670 1567 Kalendas
698 1502 914 1567 coustitutum
941 1506 1005 1585 est,
1033 1501 1173 1566 sedecim
1197 1501 1265 1567 dies
1290 1523 1361 1568 esse

349 1590 574 1654 numerandos.
618 1589 690 1654 ideo
713 1590 835 1654 mensis
862 1589 995 1654 uberior
1020 1588 1102 1653 duos
1125 1589 1215 1669 illos,
1242 1590 1360 1674 quibus

351 1677 529 1762 augebatur
548 1677 625 1759 dies,
645 1678 730 1742 iuter
747 1677 912 1742 Kalendas
931 1699 1008 1742 suas
1028 1681 1061 1742 et
1074 1675 1188 1741 Nonas
1208 1677 1360 1742 babebat.

312 1793 337 1833 ιο
349 1765 424 1831 hinc
441 1765 514 1831 aliis
534 1766 667 1849 quintus
682 1788 702 1829 a
714 1765 870 1831 Kalendis
885 1766 963 1851 dies,
982 1766 1055 1830 aliis
1074 1767 1233 1850 septimus
1247 1763 1360 1832 Nonas

350 1853 434 1921 lacit.
480 1852 602 1920 Caesar
628 1857 752 1941 tamen,
779 1859 816 1920 ut
843 1876 942 1940 supra
970 1855 1123 1938 diximus,
1151 1857 1240 1920 stata
1266 1856 1389 1920 sacra8

349 1942 530 2010 custodiens
553 1965 613 2008 nec
634 1943 668 2008 in
693 1944 759 2010 illis
782 1944 959 2027 mensibus,
982 1944 1100 2028 quibus
1125 1945 1219 2010 binos
1240 1943 1361 2009 adiecit

348 2032 430 2118 dies,
457 2032 601 2099 ordinem
628 2031 734 2098 uoluit
756 2037 882 2098 mutare
905 2031 1089 2117 Nonarum,
1117 2033 1195 2117 quia
1218 2033 1358 2117 peractis

348 2120 448 2186 totius
475 2123 595 2186 mensis
622 2121 712 2185 feriis
741 2122 809 2186 dies
838 2143 913 2185 suos
940 2124 989 2185 rei
1016 2120 1146 2185 diuinae
1172 2125 1286 2186 cautus
1309 2122 1359 2186 in·

310 2235 335 2276 ss
348 2211 456 2274 seruit
509 2209 626 2292 priscis
661 2229 739 2294 ergo
771 2209 986 2291 temporibus,
1024 2213 1197 2291 antequam
1229 2208 1305 2273 fasti
1338 2211 1389 2274 a9

348 2297 409 2362 (ln.
424 2297 559 2362 lllouio
578 2294 686 2362 scriba
704 2296 815 2361 inuitis
831 2297 983 2361 Patribus
997 2295 1032 2361 irr
1046 2298 1189 2362 omnium
1205 2294 1358 2363 notitiam

348 2387 569 2472 proderentur,
593 2387 740 2471 porrtilrei
763 2386 881 2451 nrinori
899 2386 979 2453 haee
998 2386 1166 2471 prouincia
1185 2386 1358 2474 delegaba-

349 2483 415 2554 tur,
451 2481 488 2542 ut
520 2499 623 2542 notrae
656 2479 751 2541 lunae
785 2477 924 2562 primurn
958 2477 1150 2542 obseruaret
1182 2480 1359 2562 aspectum,

348 2568 515 2652 uisumque
543 2567 613 2652 regi
640 2567 820 2632 sacrificulo
845 2566 1019 2630 nuntiaret
1064 2566 1174 2651 itaque
1198 2567 1412 2636 sacrifieioIO

308 2678 369 2723 roa
399 2677 474 2741 rege
508 2659 541 2720 et
573 2653 696 2720 minore
723 2654 876 2739 pontifice
908 2655 1070 2719 celebrato
1098 2655 1185 2720 idem
1212 2656 1359 2740 pontifex

348 2745 489 2826 calata,
504 2744 537 2809 id
552 2748 603 2808 est
616 2746 742 2825 uocata,
755 2743 790 2806 in
805 2741 1006 2828 Capitolium
1019 2742 1115 2827 plebe
1129 2744 1221 2808 iuxta
1235 2743 1358 2808 curiam

348 2832 528 2916 Calabram,
542 2854 624 2917 quae
638 2853 732 2896 casae
746 2831 880 2895 Remuli
894 2831 1042 2915 proxima
1055 2835 1115 2917 est,
1129 2835 1210 2915 quot
1223 2853 1358 2897 numero

346 2921 415 2986 dies
443 2943 463 2985 a
485 2919 642 2985 Kalendis
671 2920 709 2984 ad
739 2919 854 2985 Nonas
881 2923 1089 3003 superessent
1114 2920 1359 3003 pronuntiabat,

346 3014 379 3075 et
396 3010 569 3094 quintanas
589 3009 717 3093 quidem
737 3008 825 3075 dicto
842 3009 1013 3094 quinquies
1026 3009 1126 3075 uerbo
1140 3011 1240 3093 καλῶ,
1259 3010 1358 3095 septi·

306 3121 458 3168 samanae
490 3100 629 3183 repetito
662 3099 783 3183 septies
814 3099 1033 3184 praedicabat.
1084 3098 1219 3164 uerbum
1248 3103 1357 3164 autem
1371 3102 1410 3167 ll

345 3190 433 3254 καλῶ
453 3187 613 3253 Graecum
638 3192 696 3273 est,
719 3187 751 3252 id
777 3192 826 3253 est
849 3210 940 3270 uoco,
962 3192 996 3252 et
1018 3186 1105 3254 huuc
1128 3187 1223 3272 diem,
1246 3190 1359 3271 quiex

345 3278 396 3343 his
420 3276 547 3363 diebus,
570 3277 625 3361 qui
649 3278 848 3359 calarentur,
870 3277 995 3361 primus
1019 3280 1115 3360 esset,
1136 3277 1262 3359 placuit
1284 3276 1357 3342 Ka-

347 3366 477 3431 lendas
505 3367 624 3432 uocari.
670 3364 745 3430 hinc
772 3369 806 3429 et
832 3365 896 3449 ipsi
923 3365 1045 3443 euriae,
1073 3365 1114 3429 ad
1142 3387 1240 3448 quam
1263 3387 1358 3431 uoca-

347 3454 473 3538 bantur,
496 3453 686 3521 (lalabrae
709 3475 830 3519 nomen
854 3454 966 3519 datum
990 3457 1055 3536 est,
1078 3456 1113 3518 at
1135 3454 1248 3538 classi,
1272 3454 1357 3540 quod

418 3640 502 3706 lant
518 3640 547 3693 Β
592 3637 739 3707 talegem
758 3638 787 3693 P
829 3638 995 3693 borunrbul'
1009 3637 1069 3692 ruffi
1088 3638 1139 3694 lrbr
1157 3654 1191 3693 ax
1209 3638 1255 3693 dre
1273 3654 1359 3694 nona·

347 3727 406 3763 rum
424 3708 454 3764 rd
473 3711 517 3764 ast
534 3726 607 3764 nono
628 3709 656 3763 P
731 3711 811 3764 adro
830 3708 1051 3778 derepresentarr
1069 3711 1096 3763 Β
1169 3708 1304 3764 traducis
1322 3709 1358 3764 Β

347 3779 401 3833 elie
423 3796 473 3834 om.
496 3780 525 3834 P
593 3786 610 3834 9
634 3779 760 3835 babebat
782 3782 811 3835 b:
835 3779 959 3834 laerebat
979 3784 1012 3833 at
1031 3782 1091 3835 aid.
1109 3780 1147 3844 Β,
1170 3780 1313 3835 hebebant
1332 3781 1362 3834 P

349 3855 381 3904 10
399 3849 471 3904 alrul
486 3849 620 3920 leptrmul’
634 3849 670 3904 Β
723 3856 757 3904 14
775 3851 818 3905 nrt
836 3852 868 3904 ia
884 3849 1114 3905 rulerurtiarus.
1129 3850 1204 3905 inB
1256 3855 1287 3903 16
1302 3840 1352 3905 GN

348 3948 404 4002 BP
447 3949 480 4015 b3
497 3950 529 4003 in
546 3947 654 4018 patrrb;
673 3949 706 4003 ἑτι
718 3965 774 4004 rus.
793 3950 825 4002 ia
838 3947 867 4001 P
910 3954 942 4002 lt
955 3949 1108 4022 perdentia
1121 3948 1156 4016 P,
1174 3923 1318 4017 prouiiitra
1330 3949 1358 4002 Β

347 4025 382 4073 ‘20
399 4018 428 4072 rd
452 4019 494 4073 alt
515 4020 547 4073 ni
564 4020 649 4086 fallor
666 4019 703 4072 B'
789 4019 916 4088 prutrl'ex
935 4020 963 4074 P
1046 4025 1079 4073 21
1099 4020 1193 4073 colata
1215 4024 1246 4074 ut
1264 4020 1322 4074 aid.
1342 4021 1358 4074 b

348 4096 380 4142 ab
399 4089 462 4144 cala
480 4089 552 4159 (cale
570 4089 620 4159 P')
639 4091 671 4145 in
689 4090 804 4163 calabre
818 4091 849 4144 in
862 4107 917 4145 res.
932 4093 964 4146 in
977 4092 1011 4158 P,
1025 4090 1140 4164 kalebrp
1155 4091 1183 4144 Β
1238 4092 1267 4144 et
1281 4089 1359 4145 cluffr

348 4191 381 4200 -
399 4162 546 4216 uocaretur
564 4176 615 4216 om.
637 4162 665 4215 P
