3322 5190
741 921 820 979 XVII
839 930 925 981 6-111
1270 923 1334 988 651

320 1109 426 1151 suem
457 1083 690 1170 peruolabit.
742 1084 855 1150 deinde
889 1087 981 1172 quasi
1008 1108 1076 1151 non
1104 1085 1211 1150 minus
1239 1083 1334 1150 docto
1349 1092 1387 1158 11

320 1196 417 1258 quam
453 1173 530 1239 forti
566 1173 638 1237 uiro
675 1172 879 1258 philosophis
917 1178 996 1260 apta
1030 1172 1226 1255 subduntur,
1263 1194 1336 1238 cum

319 1262 435 1327 dicitur
458 1260 573 1345 idque
596 1261 703 1325 ocius
722 1261 857 1343 faciet,
881 1262 914 1325 si
937 1264 1011 1327 iam
1030 1263 1137 1345 tunc,
1159 1283 1242 1326 curn
1261 1261 1337 1325 erit

319 1350 492 1415 inclusus
528 1349 567 1413 in
604 1369 778 1433 corpore,
820 1349 1006 1416 eminebit
1041 1349 1163 1432 foras,
1205 1350 1243 1412 ct
1278 1369 1334 1430 ea,

290 1455 412 1522 aquae
441 1440 550 1502 extra
578 1441 708 1519 erunt,
736 1437 1006 1522 contemplans
1035 1460 1147 1523 quam
1171 1436 1334 1501 maxime

319 1548 357 1591 se
390 1549 409 1590 a
441 1546 602 1610 corpore
635 1525 848 1591 abstrahet
900 1526 980 1591 haec
1014 1526 1099 1591 enim
1133 1525 1222 1590 illius
1256 1527 1388 1597 11111112
1430 1569 1433 1576 ·

317 1618 491 1699 praecepta
518 1612 698 1696 doctrinae,
726 1636 808 1698 quae
836 1615 925 1679 illam
953 1613 1033 1680 dicit
1059 1618 1198 1679 mortem
1228 1612 1333 1697 philo·

318 1701 532 1787 sophentibus
556 1702 780 1787 appetendam,
798 1724 837 1767 ex
861 1725 925 1788 qua
949 1703 995 1787 fit,
1017 1705 1054 1767 nt
1078 1702 1182 1768 adhuc
1205 1702 1239 1766 in
1263 1723 1333 1767 cor·

317 1813 395 1877 pore
423 1791 522 1879 positi
552 1813 669 1876 corpus
692 1795 730 1857 ut
752 1791 891 1858 alienam
915 1793 1090 1877 sarcinam,
1117 1792 1152 1856 in
1176 1793 1334 1877 quantum

280 1903 305 1942 ro
318 1882 443 1968 patitur
466 1885 596 1967 natura,
621 1880 809 1968 despiciant,
833 1885 866 1948 et
888 1882 985 1948 facile
1009 1903 1095 1948 nunc
1119 1884 1216 1968 atque
1239 1902 1333 1968 opor·

318 1978 396 2037 tune
414 1973 551 2038 uirtutes
573 1970 695 2051 suadet,
719 1975 892 2057 postquam
912 1974 1035 2057 quanta
1053 1975 1088 2037 et
1105 1993 1204 2056 quam
1223 1969 1335 2036 diuina

317 2061 462 2147 praemia
496 2061 671 2126 uirtutibus
704 2061 881 2127 debeantur
909 2060 1018 2126 edixit.
1064 2061 1120 2125 sed
1149 2061 1225 2144 quia
1249 2059 1334 2125 inter
1347 2067 1388 2132 13

317 2150 406 2236 leges
444 2171 571 2235 quoque
608 2150 665 2214 illa
701 2148 880 2234 inperfecta
914 2149 1062 2232 dicitur,'
1081 2150 1114 2212 in
1148 2171 1212 2233 qna
1243 2148 1335 2213 nulla

318 2238 524 2302 denientibus
549 2259 652 2322 poena
672 2238 826 2321 sancitur,
848 2239 920 2303 ideo
939 2239 972 2302 in
991 2237 1200 2303 conclusione
1224 2236 1333 2320 operis

280 2343 305 2386 re
318 2346 456 2410 poenam
481 2325 585 2391 sancit
607 2330 698 2390 extra
720 2326 801 2391 haec
822 2329 995 2410 praecepta
1019 2324 1213 2410 uiuentibus,
1237 2345 1333 2414 quem

319 2414 425 2481 locum
449 2413 496 2479 lar
523 2415 577 2481 illc
600 2412 789 2481 Platonicus
812 2414 975 2500 copiosius
999 2416 1151 2481 executus
1175 2417 1238 2497 cst,
1265 2435 1334 2481 sae·

319 2504 394 2570 cula
425 2504 554 2570 infinita
586 2504 808 2590 dinumerans,
839 2505 957 2591 quibus
991 2503 1176 2570 nocentium
1205 2504 1334 2570 animae

320 2594 352 2660 in
385 2594 513 2661 easdem
546 2616 667 2680 poenas
699 2617 795 2682 saepe
827 2593 994 2661 reuolutae
1026 2617 1098 2661 sero
1132 2595 1171 2659 de
1199 2593 1334 2661 tartaris

319 2685 551 2771 permittuntur
577 2706 753 2770 emergere,
784 2685 879 2751 etad
903 2688 1041 2750 naturae
1065 2705 1143 2750 suae
1165 2682 1334 2769 principia,

280 2774 406 2859 eoquod
440 2779 491 2839 est
521 2774 661 2856 caelum,
692 2773 824 2839 tandem
856 2775 1030 2858 impetrata
1062 2773 1257 2859 purgatione
1285 2795 1335 2838 re·

320 2884 436 2926 meare.
481 2884 612 2926 necesse
636 2866 686 2926 est
709 2863 804 2945 enim,
828 2883 955 2927 omnem
976 2862 1117 2925 animam
1138 2860 1178 2925 ad
1198 2860 1333 2946 originis
1347 2870 1389 2935 14

320 2971 398 3014 suae
425 2949 533 3014 sedem
562 2950 696 3032 reuerti,
724 2951 779 3015 sed
807 2972 889 3035 quae
912 2970 1029 3034 corpus
1053 2953 1221 3034 tamquam
1244 2971 1334 3033 pere-

320 3038 434 3122 grinae
467 3037 625 3120 incolunt,
657 3037 721 3103 cito
753 3043 830 3122 post
861 3059 977 3123 corpus
1006 3037 1098 3102 uelut
1125 3037 1164 3101 ad
1193 3037 1334 3120 patriam

320 3130 541 3206 reuertuntur,
574 3149 658 3211 quae
690 3148 768 3192 uero
801 3148 973 3211 corporum
1005 3125 1164 3191 illecebris
1197 3130 1236 3189 ut
1266 3125 1335 3189 suis

280 3213 451 3279 insedibus
480 3215 662 3300 inhaerent,
686 3220 808 3300 quanto
838 3214 963 3280 abillis
989 3213 1163 3279 uiolentius
1182 3235 1336 3300 separan-

320 3305 382 3387 tur,
404 3306 497 3368 tanto
522 3304 561 3368 ad
585 3326 702 3388 supera
725 3305 828 3370 serius
850 3308 1067 3368 reuertuntur.

410 3389 472 3456 Sed
492 3391 562 3456 iam·
576 3393 672 3457 linem
693 3393 819 3457 somnio
839 3392 984 3458 cohibita
999 3390 1222 3475 disputatione
1236 3388 1332 3455 iacia-
1347 3400 1390 3466 15

320 3500 392 3543 mue
412 3479 474 3544 hoc
494 3479 630 3565 adiecto,
648 3481 734 3565 quod
754 3480 993 3545 conclusionem
1012 3478 1149 3560 decebit,
1168 3478 1244 3562 quia
1263 3500 1337 3544 cum

322 3567 388 3631 sint
411 3567 513 3633 totius
538 3566 765 3654 philosophiae
788 3571 856 3632 tres
879 3571 1003 3652 partes,
1031 3565 1165 3632 moralis
1189 3570 1222 3631 et
1244 3570 1336 3632 natu·

395 3802 485 3850 lnon
504 3793 581 3864 quasi
600 3810 656 3849 non
675 3795 703 3849 Β
757 3741 905 3849 eludens
921 3794 950 3848 P
1000 3793 1108 3878 tetrus
1118 3792 1147 3847 Β
1200 3791 1342 3847 tolanlul

322 3866 351 3920 Β
424 3864 522 3920 dsunt
539 3863 617 3920 dlrul
632 3865 660 3920 Β
733 3869 767 3919 10
785 3883 859 3920 nunc
877 3881 927 3921 osa.
946 3860 995 3933 P,
1012 3865 1110 3920 (11111111
1129 3866 1293 3934 oportuneq.
1312 3862 1343 3918 P

324 3942 357 3991 18
376 3936 545 4006 imperfecta
562 3936 618 3990 BP
692 3942 725 3991 14
743 3952 819 4009 pena
837 3936 899 4003 PB,
917 3936 1016 3991 Made
1032 3935 1171 3990 sanccitur
1189 3935 1338 4005 (poderior

323 4009 521 4075 comeret)
540 4007 569 4062 Β
631 4012 663 4061 15
681 4012 756 4081 pena
773 4008 801 4063 P
857 4006 962 4062 sanccrt
975 4007 1027 4078 pB
1087 4012 1121 4060 16
1140 4005 1295 4074 exequutus
1312 4005 1339 4059 P

324 4083 355 4132 17
377 4080 527 4133 nocentum
546 4079 574 4134 P
649 4083 682 4133 18
701 4097 720 4148 p
739 4078 790 4132 nas
804 4078 832 4133 P
910 4082 943 4132 19
961 4094 1104 4148 emergere
1124 4076 1294 4149 pmrttuntur
1312 4076 1340 4130 P

322 4154 357 4202 20
380 4163 505 4203 remeare
529 4152 698 4219 purgatione
721 4096 756 4202 Β
847 4165 966 4203 remeari
989 4149 1017 4204 P
1104 4153 1138 4201 22
1158 4150 1295 4216 tanquam
1314 4146 1342 4201 P

322 4219 479 4357 prgrrrpp)B
546 4227 581 4274 25
600 4220 700 4291 sepeni
721 4221 749 4274 Β
817 4226 850 4274 21
872 4219 913 4275 let
929 4220 957 4272 B
1021 4225 1054 4274 29
1075 4220 1104 4274 et
1121 4223 1186 4274 ante
1203 4216 1342 4273 naturalis

322 4301 400 4351 0111(
