3322 5190
735 897 800 954 xxl
819 903 925 953 15-24
1079 894 1082 901 ’
1272 898 1338 966 5ῖὸ

324 1060 484 1127 secundae
517 1083 620 1147 aquae
652 1062 750 1127 finem
787 1062 967 1148 oriebatur,
998 1061 1172 1128 seeundum
1208 1062 1338 1148 signum

323 1153 473 1215 notatum
497 1156 554 1216 est.
600 1154 696 1237 atque
719 1152 768 1217 ita
790 1150 936 1218 uicissim
954 1173 1034 1217 uasa
1052 1153 1210 1218 mutando
1230 1154 1263 1218 et
1281 1174 1338 1236 per
1348 1160 1392 1226 20

324 1239 469 1324 singulas
497 1239 663 1306 influentis
692 1263 795 1325 equae
822 1243 933 1326 partes
960 1238 1108 1327 singulos
1136 1241 1200 1306 sibi
1230 1262 1339 1307 ascen-

324 1327 469 1395 dentium
493 1329 575 1396 caeli
597 1330 743 1413 partium
766 1329 888 1395 limites
912 1328 1112 1414 adnotando,
1136 1330 1191 1395 ubi
1214 1352 1338 1398 cosum-

295 1423 414 1484 smatu
442 1419 506 1484 iam
537 1421 624 1485 ouini
652 1442 710 1505 por
732 1418 900 1486 duodecim
924 1422 1034 1503 partes
1063 1443 1148 1507 aqua
1176 1421 1216 1487 ad
1240 1420 1338 1507 primi

324 1508 411 1596 signi
435 1510 566 1576 exordia
593 1514 786 1596 peruentum
810 1513 874 1595 est,
902 1508 972 1576 sine
996 1509 1094 1576 dubio
1122 1510 1188 1576 iam
1216 1511 1337 1578 diuisas
1419 1556 1422 1561 <

323 1600 484 1684 certisque
521 1601 584 1666 sibi
623 1601 906 1666 obseruationibus
939 1602 972 1665 et
1000 1599 1128 1667 indiciis
1165 1600 1337 1667 adnotatas

322 1688 490 1755 duodecim
515 1690 596 1756 caeli
624 1693 734 1775 partes
757 1693 870 1755 tautae
897 1692 1063 1774 compotes
1087 1688 1339 1755 machinationis

322 1776 513 1842 habuerunt
559 1779 646 1863 quod
668 1801 734 1844 non
757 1781 853 1843 nocte
875 1800 940 1843 una
963 1778 1018 1843 sed
1037 1778 1162 1844 duabus
1186 1779 1335 1845 effectum
1347 1779 1388 1844 21

281 1869 387 1951 coest,
415 1867 493 1950 quia
520 1887 616 1931 omne
643 1867 766 1932 eaelum
794 1888 858 1931 una
880 1869 975 1931 nocte
1003 1888 1068 1932 non
1092 1866 1250 1947 uoluitur,
1279 1867 1336 1931 sed

321 1975 380 2037 per
403 1953 488 2016 diem
512 1954 653 2018 uertitur
671 1976 748 2038 pars
767 1954 836 2019 eius
855 1955 961 2018 media
984 1959 1017 2018 et
1037 1955 1193 2019 medietas
1212 1955 1337 2038 relique.

320 2062 379 2122 per
411 2045 550 2105 noctem.
595 2062 655 2105 nec
683 2045 794 2105 tamen
828 2041 952 2105 caelum
984 2062 1079 2106 omne
1111 2041 1245 2106 duarum
1273 2041 1337 2106 sihi

321 2128 543 2210 proximarum
562 2129 707 2193 noctium
727 2129 841 2192 diuisit
863 2129 1032 2211 inspectio,
1054 2128 1110 2193 sed
1134 2129 1336 2193 diuersorum

321 2217 505 2297 temporum
525 2220 685 2280 nocturna
703 2216 861 2280 dimensio
876 2221 1048 2298 utrumque
1062 2215 1334 2301 hemisphaerium

281 2303 454 2388 inparibus
483 2325 586 2388 oquae
614 2303 739 2369 uicibus
768 2302 947 2368 adnotauit.
997 2305 1031 2367 et
1057 2303 1117 2369 has
1145 2303 1234 2389 ipsas
1258 2302 1389 2369 ἀπο-22

323 2391 426 2457 decim
468 2397 576 2478 partes
618 2393 714 2478 sigua
750 2392 910 2478 appellari
947 2392 1145 2476 maluerunt,
1182 2395 1335 2478 certaque

322 2480 461 2568 siugulis
490 2481 649 2549 uocabula
677 2483 785 2570 gratia
812 2481 1061 2568 significationis
1093 2480 1220 2548 adiecta
1250 2483 1334 2564 sunt,

321 2575 355 2636 et
391 2571 468 2656 quia
504 2572 598 2657 signa
636 2571 760 2637 Graeco
795 2571 926 2639 nornine
964 2567 1064 2660 ζῴδια
1098 2574 1334 2656 nuncupantur,

321 2660 441 2725 circum
473 2661 580 2746 ipsum
608 2661 774 2747 signorum
807 2661 986 2745 zodiacum,
1018 2662 1111 2747 quasi
1143 2660 1332 2746 signiferum

280 2756 529 2815 reuocauerunt.
584 2750 668 2815 hanc
705 2754 815 2815 antem
851 2751 1010 2815 rationem
1042 2749 1145 2815 eidem
1178 2750 1241 2834 iili,
1277 2748 1386 2816 cur23

320 2837 477 2919 Arietem,
495 2860 568 2903 cnm
588 2839 621 2903 in
640 2838 780 2923 sphaera
798 2838 879 2902 nihii
895 2838 1035 2922 primurn
1049 2837 1194 2923 nihilque
1207 2840 1333 2922 postre-

321 2947 409 2991 mum
432 2928 490 3007 sit,
516 2927 656 3011 primum
686 2929 796 2992 tamen
824 2925 886 2991 dici
914 2926 1089 2992 maluerint
1114 2926 1333 3011 prodiderunt.

320 3014 412 3079 aiunt
444 3014 529 3079 enim
562 3015 738 3100 incipiente
766 3016 817 3081 die
844 3015 915 3100 illo,
946 3014 1001 3100 qni
1032 3015 1156 3100 primns
1188 3014 1331 3081 omnium

321 3102 413 3185 luxit,
436 3102 467 3168 id
489 3108 621 3190 estque
640 3105 674 3170 in
692 3104 779 3172 huuc
797 3105 958 3192 fulgorem
978 3107 1103 3170 eaelum
1122 3107 1156 3169 et
1173 3103 1333 3170 elementa

279 3209 306 3250 as
319 3196 462 3279 purgata
485 3197 574 3274 sunt,
604 3197 659 3297 qni
683 3195 755 3260 ideo
780 3195 892 3260 mundi
920 3195 1040 3260 natalis
1070 3195 1139 3259 iure
1161 3193 1333 3277 muitetur,

320 3281 465 3347 Arietem
485 3283 520 3347 in
540 3284 645 3349 madro
665 3284 755 3350 caelo
775 3285 883 3368 fuisse,
901 3286 934 3347 et
953 3283 1029 3369 quia
1048 3283 1188 3348 medium
1207 3282 1332 3348 caelum

320 3372 413 3456 qnasi
436 3372 547 3437 mnudi
576 3377 688 3438 uertex
719 3376 782 3455 est,
813 3372 961 3438 Arietem
990 3375 1165 3458 propterea
1192 3371 1333 3458 primum

319 3461 404 3526 inter
427 3483 540 3527 omnes
563 3459 724 3547 habitum,
746 3463 802 3547 qni
825 3465 863 3527 ut
886 3461 998 3527 mundi
1023 3463 1120 3547 capnt
1142 3459 1178 3526 in
1201 3460 1332 3526 exordio

319 3550 400 3614 lueis
433 3551 592 3634 apparuit.
637 3552 835 3616 subnectunt
866 3552 964 3615 etiam
993 3572 1138 3635 causam,
1165 3572 1222 3614 cur
1253 3547 1386 3615 haec24

279 3653 307 3693 ⁸⁰
320 3639 393 3722 ipsa
415 3639 584 3706 duodecim
603 3639 697 3724 signa
721 3639 892 3724 adsignata
915 3639 982 3703 sint
1004 3639 1206 3704 diuersorum
1228 3639 1331 3703 numi·

318 3748 396 3789 num
433 3727 600 3809 potestati.
651 3727 744 3791 aiunt
780 3727 866 3790 enim
902 3726 937 3790 in
975 3726 1036 3791 hac
1072 3727 1144 3811 ipsa
1181 3725 1333 3810 genitura

391 3913 532 4039 asmplpia
546 3916 575 3971 P
625 3917 735 3986 tpatn'r
750 3910 784 3969 F
840 3915 1031 3971 musandum
1045 3915 1074 3970 B
1128 3915 1290 3973 consumat·
1303 3916 1332 3971 B

317 3984 453 4055 spumis
550 3992 635 4055 ⁹an
652 4003 709 4041 non
727 3987 755 4040 B
809 3985 898 4056 duab3
916 3989 949 4043 ia
965 4004 1021 4042 ros.
1037 3986 1112 4043 iuP
1165 3992 1196 4042 11
1211 3987 1332 4043 uertitur
1381 3994 1391 4004 '

316 4055 741 4183 parfpraetrrgiarasdaP
793 4063 826 4112 14
846 4057 1070 4132 *emrsphenr'rP
1122 4062 1155 4113 18
1169 4072 1288 4132 gresso
1305 4059 1333 4112 P

317 4131 496 4197 nomrnegeo
592 4129 741 4184 aodraPB
797 4128 1034 4199 lugnrfsrnt'
1084 4129 1334 4199 todttquurP

315 4203 441 4324 {impp}
453 4199 488 4267 P,
505 4202 666 4316 ppierealp
720 4203 754 4253 29
773 4201 886 4269 aparuit
904 4201 930 4254 B
989 4207 1024 4255 80
1042 4199 1180 4270 assignata
1198 4201 1226 4254 B
1282 4216 1331 4253 no·
