3442 5190
699 807 750 862 1111
769 813 874 864 at-ar
904 807 928 863 V
949 813 1017 863 1-o
1326 809 1367 872 19

350 966 481 1032 Italiam
505 967 663 1052 dicuntur,
686 967 743 1035 sed
767 969 886 1034 aetatis
910 991 988 1035 suae
1007 969 1115 1035 uerbis
1135 970 1367 1054 loquebantur:

350 1060 386 1119 tu
418 1060 526 1120 auteur
563 1057 698 1142 proinde
734 1057 828 1142 quasi
860 1080 933 1122 cum
965 1061 1069 1123 matre
1101 1057 1247 1122 Euandri
1279 1078 1366 1122 nune

350 1142 497 1227 loquare,
519 1145 569 1209 uis
592 1144 688 1209 nobis
713 1146 814 1209 uerba
836 1145 950 1209 multis
975 1146 1040 1209 iam
1069 1145 1208 1210 saeculis
1232 1145 1365 1211 oblitte-

348 1234 422 1295 rata
443 1253 605 1316 reuocare,
629 1233 827 1318 adquorum
851 1234 1036 1318 congeriem
1060 1237 1264 1317 praestantes
1288 1253 1365 1317 quo·

321 1338 408 1405 oque
431 1319 532 1404 uiros,
556 1343 694 1405 qnorum
725 1322 916 1386 memoriam
939 1321 1111 1386 continuus
1134 1322 1262 1407 legendi
1286 1342 1365 1386 usus

348 1409 493 1493 instruit,
529 1409 683 1475 incitast'.
739 1409 803 1475 Sed
840 1409 1071 1494 antiquitatem
1103 1412 1198 1476 uobis
1237 1403 1396 1494 placere2

348 1497 487 1579 iactatis,
510 1498 595 1581 quod
618 1498 758 1564 honesta
775 1502 810 1564 et
828 1500 939 1563 sobria
962 1503 996 1564 et
1019 1498 1168 1564 modesta
1190 1499 1248 1564 sit:
1272 1499 1364 1563 uiua·

348 1608 418 1651 mus
442 1607 520 1672 ergo
544 1588 686 1652 moribus
710 1588 911 1671 praeteritis,
935 1588 1159 1673 praesentibus
1183 1587 1293 1653 verbis
1317 1588 1364 1653 lo·

348 1698 492 1760 quamur.
534 1677 699 1761 egoenim
724 1677 756 1742 id
775 1676 861 1763 quod
881 1699 900 1741 a
923 1677 957 1744 0.
977 1677 1150 1760 Onussam,
1175 1675 1363 1743 excellentis

311 1778 335 1818 ¹⁰
348 1764 470 1852 ingenii
490 1788 528 1832 ae
547 1768 739 1852 prudentiae
757 1769 839 1850 uiro,
859 1767 1021 1833 1111111110
1041 1784 1243 1833 suatoulan
1257 1783 1363 1832 amno

348 1855 503 1940 seriptum
546 1860 597 1922 est
633 1856 739 1924 habeo
773 1878 902 1941 semper
937 1858 972 1923 iu
1009 1857 1167 1923 memoria
1199 1861 1296 1942 atque
1328 1854 1363 1921 in

346 1952 486 2029 pectore,
504 1949 546 2010 ut
563 1949 756 2032 tamquam
776 1947 989 2032 scopulum,
1008 1947 1064 2013 sic
1083 1947 1229 2035 fugiam
1243 1945 1361 2011 infre·

347 2056 463 2119 quens
487 2039 604 2120 atque
626 2037 801 2102 insolens
821 2037 990 2102 uerbum.
1026 2037 1117 2102 mille
1136 2036 1273 2121 denique
1291 2027 1394 2101 uer-3

347 2122 461 2187 borum
485 2123 602 2189 talium
626 2128 690 2207 est,
712 2146 796 2208 quae
820 2146 892 2189 curn
920 2124 955 2188 in
983 2147 1039 2190 ore
1066 2126 1195 2208 priseae
1223 2123 1361 2187 auotori-

308 2221 333 2261 15
347 2211 424 2274 tatis
459 2211 572 2276 crebro
605 2211 739 2294 fuerint,
772 2215 982 2276 exauctorata
1018 2216 1129 2276 tamen
1162 2232 1181 2274 a
1213 2211 1361 2294 sequenti

347 2300 453 2362 aetate
468 2298 700 2382 repudiatoque
719 2303 805 2363 sunt.
827 2298 944 2364 horum
965 2299 1092 2383 copiam
1111 2299 1258 2383 proferre
1275 2319 1362 2362 nunc

346 2407 485 2468 possem,
503 2387 536 2450 ni
552 2391 680 2470 tempus
694 2387 801 2451 noetis
816 2387 881 2451 iam
896 2387 1145 2472 propinquantis
1158 2386 1362 2452 necessariae

348 2473 552 2540 discessionis
576 2497 636 2540 nos
660 2473 866 2540 admoneret'

384 2614 390 2624 .
436 2561 540 2627 ‘Bona
562 2564 663 2628 uerba
686 2562 817 2649 quaeso'
845 2562 1072 2628 Praetextatus
1101 2562 1219 2628 morali
1246 2564 1284 2626 ut
1307 2562 1393 2630 ad·4

309 2664 335 2703 ²⁰
348 2651 431 2716 solet
449 2652 611 2738 grauitate
634 2651 771 2717 subiecit
789 2651 859 2716 ‘nec
877 2651 1057 2716 insolenter
1074 2650 1220 2736 parentis
1240 2650 1362 2715 artium

349 2740 553 2825 antiquitatis
572 2741 789 2805 reuerentiam
808 2740 1026 2824 uerberemus,
1050 2740 1142 2806 euius
1162 2760 1306 2804 amorem
1324 2742 1362 2805 tu

346 2850 485 2914 qnoque,
518 2829 594 2894 dum
626 2829 826 2914 dissimulas,
859 2829 965 2915 magis
997 2828 1117 2912 prodis.
1169 2849 1242 2892 cum
1275 2828 1361 2893 enim

345 2917 425 2982 dicis
450 2917 557 2983 mille
576 2918 781 2983 uerborum
800 2920 858 2981 est
876 2917 953 3001 quid
972 2916 1061 2982 aliud
1076 2938 1183 2982 sermo
1202 2918 1277 2981 tuus
1295 2917 1359 2982 uisi

344 3004 450 3089 ipsam
482 3005 606 3070 redolet
635 3007 855 3071 uetustatem?
881 3027 958 3070 nam
986 3006 1063 3070 licet
1089 3005 1132 3070 M.
1163 3003 1296 3070 Closso
1324 3005 1390 3072 inc

308 3104 333 3145 ²⁶
346 3095 501 3177 oratione,
521 3116 618 3178 quam
636 3111 705 3160 uno
724 3093 869 3160 Mmosr
892 3095 1040 3179 concepit
1062 3094 1110 3159 ita
1128 3094 1284 3179 scriptum
1308 3115 1356 3157 re·

345 3181 474 3266 liquerit
497 3186 588 3247 ante
610 3182 770 3247 fundum
789 3181 929 3261 Clodii,
953 3205 1024 3267 quo
1047 3181 1224 3248 infundo
1247 3203 1355 3267 prop·

345 3273 403 3334 ter
434 3271 592 3335 insanas
629 3270 721 3335 illas
755 3270 1068 3336 substructiones
1101 3269 1219 3334 facile
1249 3268 1356 3334 mille

345 3356 541 3422 hominum
561 3359 794 3423 uersabatur
812 3359 1040 3441 calentium,
1062 3380 1128 3424 non
1147 3357 1356 3422 uersaban-

344 3450 418 3528 tur,
442 3446 527 3531 quod
549 3445 585 3510 in
612 3445 705 3512 libris
729 3447 838 3511 minus
861 3451 1011 3512 accurate
1039 3445 1170 3530 scriptis
1198 3444 1357 3530 repperiri

416 3645 448 3694 12
466 3657 494 3708 p.
513 3643 574 3709 768,
595 3645 628 3694 11
646 3639 809 3710 Nipperdey
867 3644 902 3693 28
921 3639 978 3696 (iio.
998 3636 1056 3692 uir.
1076 3642 1091 3703 5
1110 3642 1145 3693 tt

415 3813 562 3869 11taliam
585 3816 737 3872 Daunius:
761 3814 842 3870 rtairs
860 3815 922 3870 BP
989 3813 1142 3869 utebantur
1160 3814 1188 3867 Ρ
1248 3819 1359 3867 sunno

344 3887 440 3942 om.1’
491 3887 638 3955 eloquere
655 3887 683 3941 Β
737 3904 794 3941 ram
813 3886 911 3941 multis
926 3881 961 3939 Β
1017 3884 1288 3940 stromoncort
1307 3885 1355 3939 ob-

344 3957 459 4014 lrterata
476 3959 504 4013 Β
567 3965 706 4014 auocare
723 3958 752 4012 Β
817 3957 965 4028 tplacare
984 3953 1018 4010 Β
1081 3962 1182 4026 agero
1201 3954 1264 4010 BP
1325 3960 1358 4009 10

345 4028 537 4101 detauctogsae
551 4030 580 4084 Β
635 4035 668 4085 18
682 4028 755 4084 disce
770 4028 822 4083 noi
833 4026 867 4083 Β
922 4027 1138 4082 ammoneretP
1186 4030 1219 4080 19
1234 4024 1357 4080 *morah

347 4101 379 4168 P,
396 4117 498 4155 moran
518 4100 552 4155 Β
614 4101 714 4156 assolet
731 4101 759 4154 P
819 4105 854 4153 20
872 4099 1006 4169 parentes
1020 4097 1055 4152 Β
1120 4101 1155 4151 114
1173 4096 1285 4150 marcus
1300 4097 1361 4150 BP

346 4178 378 4227 at
386 4170 598 4227 substructiones
601 4172 641 4225 B:
651 4170 854 4226 [attractiones
856 4171 882 4238 t,
893 4168 1100 4224 iubltrtutronei
1107 4168 1136 4221 P
1168 4167 1358 4237 temperandi

1105 4255 1143 4309 ᾖ*
