3322 5190
331 833 397 899 130
723 832 799 890 SAT.
818 833 916 890 LIBRI
934 833 946 887 I

330 1000 408 1064 licet
436 997 499 1063 hoo
527 1017 655 1082 quoque
684 996 788 1061 eidem
815 1018 934 1061 nomen
961 996 1130 1082 incideris,
1161 996 1236 1061 audi
1264 998 1342 1082 quid

331 1087 370 1153 de
411 1086 520 1171 operis
558 1086 607 1151 sui
645 1085 818 1170 multiplici
855 1085 1002 1151 doctriua
1037 1086 1107 1169 ipse
1144 1087 1344 1170 pronuntiet.

331 1176 435 1262 ipsias
453 1175 540 1240 enim
559 1173 701 1239 Maronis
721 1174 869 1258 epistula,
887 1195 951 1258 qua
969 1174 1135 1258 conpellat
1149 1175 1345 1261 Augustum,

280 1265 379 1335 llita
400 1264 515 1349 incipit
542 1283 611 1348 ego
635 1283 725 1327 uero
748 1261 974 1347 frequentes
999 1284 1018 1326 a
1041 1269 1078 1327 te
1101 1263 1260 1329 litteras
1285 1285 1342 1328 aa·

331 1355 433 1440 cipio
454 1356 488 1418 et
505 1351 590 1417 iufra
609 1350 653 1416 de
669 1352 798 1416 Aenea
816 1351 967 1436 quidem
982 1373 1078 1434 meo,
1100 1350 1133 1416 si
1152 1351 1343 1416 mehercle
1371 1377 1384 1416 ⁵

330 1444 405 1509 iam
443 1442 598 1526 dignum
637 1440 796 1505 auribus
832 1439 1010 1504 haberem
1042 1440 1135 1524 tuis,
1172 1440 1345 1505 libenter

329 1532 538 1614 mitterem,
562 1527 627 1594 sed
651 1532 761 1593 tanta
785 1528 971 1594 inchoata
988 1549 1049 1593 res
1069 1532 1141 1607 est,
1164 1532 1206 1592 ut
1224 1550 1344 1612 paene

330 1621 430 1685 uitio
477 1617 617 1682 mentis
667 1620 817 1681 tantum
863 1637 957 1698 opus
1002 1617 1202 1701 ingressus
1248 1616 1343 1680 mihi

329 1707 476 1789 uidear,
507 1726 589 1769 cum
621 1705 867 1787 praesertim,
896 1708 938 1768 ut
965 1704 1055 1788 scis,
1087 1704 1165 1768 alia
1193 1725 1343 1788 quoque

332 1795 460 1861 studia
484 1793 529 1858 ad
552 1792 589 1856 id
612 1814 707 1877 opus
731 1793 926 1876 multoque
949 1793 1103 1876 potiora
1125 1792 1341 1876 impertiar.
1357 1817 1384 1856 ro

281 1888 391 1950 l2nec
418 1882 470 1948 his
492 1879 632 1965 Vergilii
660 1880 768 1945 uerbis
797 1880 890 1963 copia
918 1902 1025 1946 rerum
1054 1880 1215 1964 dissonat,
1243 1902 1343 1964 quam

330 1972 475 2057 plerique
494 1990 605 2035 omnes
624 1969 824 2034 litteratores
843 1968 979 2052 pedihus
998 1969 1109 2034 inlotis
1126 1973 1343 2053 praetereant,

331 2066 499 2145 tamquam
530 2056 612 2121 nihil
640 2058 728 2121 ultra
754 2056 926 2121 uerborum
955 2057 1216 2140 explanationem
1245 2058 1345 2123 liceat

330 2169 426 2213 nosse
453 2145 676 2230 grammatico.
722 2145 769 2209 ita
796 2144 860 2209 sibi
885 2144 962 2208 belli
985 2145 1039 2208 isti
1063 2144 1212 2210 homines
1235 2150 1342 2211 certos

331 2235 484 2301 scientiae
517 2234 597 2297 {ines
630 2237 663 2297 et
693 2233 784 2297 uelut
816 2232 972 2317 quaedam
1005 2234 1151 2317 pomeria
1182 2238 1216 2298 et
1246 2235 1344 2298 effata
1358 2258 1384 2298 ιο

332 2327 524 2408 posueruut,
560 2321 648 2386 altra
684 2341 765 2403 quae
802 2321 903 2404 siquis
936 2321 1045 2405 egredi
1077 2320 1208 2402 audeat,
1244 2323 1344 2385 iutro-

331 2411 475 2496 spexieae
507 2410 542 2473 in
574 2409 686 2474 aedem
715 2408 805 2492 deae,
837 2431 857 2472 a
888 2431 952 2493 qua
979 2430 1084 2473 mares
1114 2409 1344 2490 absterrentur‚

281 2500 321 2565 13
331 2497 566 2565 existimandus
594 2497 644 2561 sit
690 2495 747 2561 sed
774 2518 848 2579 nos,
876 2518 956 2580 quos
984 2518 1094 2562 crassa
1117 2495 1265 2562 Minerua
1292 2498 1344 2562 de-

330 2589 430 2674 decet,
448 2608 515 2652 non
534 2586 696 2670 patiamur
714 2586 865 2651 abstrusa
879 2608 948 2652 esse
963 2586 1062 2670 adyta
1076 2587 1159 2651 sacri
1173 2587 1344 2670 poematis,

331 2678 386 2744 sed
419 2698 612 2743 arcanorum
645 2697 796 2741 sensuam
828 2676 1025 2762 incastigato
1053 2675 1143 2741 aditu
1173 2677 1342 2743 doctorum
1357 2703 1384 2740 eo

279 2768 420 2835 ldcaltu
439 2766 633 2834 celebranda
651 2766 862 2851 praebeamus
881 2767 1007 2831 reclusa
1025 2766 1215 2851 penetralia.
1252 2772 1285 2832 et
1303 2791 1343 2833 uc

331 2858 442 2925 uidear
475 2859 557 2922 uelle
590 2857 701 2921 omnio
733 2879 814 2921 cirrus
847 2857 1012 2942 amplecti,
1044 2858 1187 2942 spondeo
1220 2859 1343 2925 uiolen-

330 2949 460 3015 tissima
484 2948 614 3012 inuenta
637 2947 687 3010 uel
712 2969 806 3011 sensa
827 2947 1008 3012 rhetoricae
1027 2948 1061 3011 in
1083 2947 1272 3031 Vergiliano
1291 2971 1343 3012 me

330 3058 428 3120 opere
470 3036 782 3116 demonstraturum,
822 3034 964 3100 Eusebio
1010 3040 1134 3120 autem,
1174 3040 1341 3100 oratorum

330 3123 606 3208 eloquentissimo,
628 3146 691 3185 uon
716 3122 877 3206 praeripio
901 3124 941 3187 de
964 3125 1107 3188 oratoria
1130 3123 1216 3207 apud
1235 3124 1340 3188 Maro·
1356 3148 1384 3185 aa

330 3234 404 3276 nem
428 3216 498 3275 arte
522 3213 707 3292 tractatum,
731 3232 825 3292 quem
849 3214 882 3274 et
904 3210 1052 3275 doctriua
1075 3215 1107 3275 et
1128 3212 1261 3276 docendi
1281 3235 1341 3276 usu

330 3300 444 3363 melius
460 3305 659 3381 exsequetur.
692 3298 834 3380 reliquos
849 3320 969 3380 omnes,
984 3299 1040 3382 qui
1057 3299 1187 3382 adestis,
1206 3300 1341 3382 inpense

329 3393 479 3472 precatus
511 3389 586 3469 sim,
618 3392 654 3449 ut
687 3386 763 3466 quid
791 3390 935 3449 uestrum
964 3388 1099 3469 quisque
1130 3389 1341 3471 praecipuum

329 3475 391 3539 sihi
415 3473 620 3538 adnotauerit
639 3474 676 3536 de
695 3471 841 3537 Maronis
860 3474 1001 3558 ingenio,
1023 3474 1113 3538 uelut
1131 3497 1170 3538 ex
1189 3475 1341 3558 symbola

277 3561 552 3632 lheonferamus?
600 3562 717 3624 mirum
745 3563 778 3624 in
801 3561 931 3625 modum
954 3563 1155 3626 alacritatem
1179 3564 1341 3647 omnibus,
1356 3583 1383 3622 eo

328 3652 384 3736 qui
404 3649 549 3728 aderent,
567 3651 645 3714 haee
664 3650 764 3713 uerba
783 3654 985 3734 pepererunt,
1004 3655 1038 3714 et
1055 3650 1234 3736 adsurgens
1253 3653 1338 3736 quis·

343 3777 528 3784 ...m-m...-

399 3844 616 3912 teprltolapB
674 3859 758 3911 quam
776 3840 918 3911 pellutff
982 3847 1058 3898 lita
1076 3861 1125 3899 oar.
1146 3841 1180 3897 ll'
1238 3847 1341 3899 taire

327 3931 399 3988 enea
416 3920 441 3970 at
460 3916 543 3984 quide
563 3916 594 3970 ia
612 3930 667 3969 rar.
687 3917 718 3968 in
737 3915 764 3967 P
818 3921 847 3969 11
869 3914 976 3985 mrgdrr
995 3916 1021 3969 B
1079 3922 1109 3969 12
1132 3915 1228 3970 inlotis
1243 3933 1294 3970 oar.
1314 3916 1343 3969 P

329 3992 361 4040 lo
380 4001 458 4055 aegri
477 3987 580 4039 audeat
598 3982 633 4039 B'
702 3992 732 4039 19
752 3985 830 4040 adita
847 3986 909 4040 BP
964 3992 998 4041 20
1017 3986 1201 4040 archanorum
1224 3987 1251 4038 P
1304 3993 1340 4040 23

327 4058 465 4112 rethorice
484 4056 518 4124 P,
537 4056 721 4182 rethorrcpP
800 4059 951 4127 urrgrlmno
971 4057 1042 4111 PB
1118 4064 1152 4113 26
1172 4061 1341 4113 atteras*

326 4129 418 4197 (etiam
438 4130 499 4183 arte
517 4129 549 4183 ira
566 4129 632 4195 rae.)
740 4133 773 4183 er
794 4128 916 4198 impense
936 4129 964 4182 P
1023 4135 1057 4183 29
1077 4128 1195 4184 simbola
1215 4129 1249 4198 Ρ,
1268 4128 1339 4197 sym-

325 4199 391 4255 hala
411 4199 446 4253 B'
502 4206 534 4253 31
556 4217 606 4268 qur
624 4198 762 4253 adherant
780 4201 811 4254 ia
828 4217 883 4255 raa.
903 4202 935 4256 in
955 4201 982 4253 P
