3322 5190
329 801 393 867 146
714 800 792 858 sa'l‘.
812 801 910 858 LlBBl
928 800 953 856 ll

277 968 319 1034 12
420 964 511 1030 Idem
527 961 704 1051 Augustus,
722 966 799 1050 quia
812 964 1073 1031 Maecenatem
1093 987 1187 1030 suum
1205 968 1343 1029 nouerat

331 1053 409 1119 stilo
442 1076 513 1118 esse
545 1055 681 1119 remisso
714 1054 805 1118 molli
838 1059 871 1118 et
903 1054 1074 1138 dissoluto,
1107 1054 1207 1118 talem
1240 1075 1274 1116 se
1308 1053 1342 1116 iu

330 1141 496 1226 epistulis,
528 1165 607 1226 ques
640 1142 681 1206 ad
709 1164 782 1206 eum
811 1143 976 1207 scribebat
1002 1143 1131 1226 saepius
1159 1141 1343 1222 exhibebat,

269 1267 270 1270 κ
329 1234 364 1295 ct
386 1235 500 1295 contre
520 1231 770 1316 castigationem
790 1229 950 1314 loquendi,
973 1252 1072 1314 quem
1091 1230 1174 1294 alias
1192 1229 1249 1292 ille
1268 1229 1342 1292 scri·

329 1318 437 1383 bendo
466 1321 631 1401 seruabat,
658 1320 694 1382 in
717 1318 857 1402 epistula
880 1319 920 1383 ad
943 1317 1164 1382 Maecenatem
1188 1315 1341 1381 familiari
1369 1346 1383 1384 a

329 1405 426 1492 plura
457 1407 491 1470 in
524 1407 613 1471 iocos
645 1406 747 1470 effusa
775 1406 942 1470 subtexuit
977 1406 1064 1470 uale
1101 1405 1150 1468 mi
1183 1406 1341 1468 ebenum

328 1491 550 1576 Medulliae,
578 1496 671 1559 ebur
698 1515 740 1557 ex
768 1493 944 1574 Etruria,
973 1494 1076 1557 laser
1104 1493 1340 1572 Arretinum,

328 1581 484 1648 adamas
504 1579 712 1666 Supernas,
731 1580 954 1645 'l'iberinum
974 1581 1242 1665 margaritum,
1261 1577 1341 1643 Oil-

328 1670 480 1735 niorum
513 1669 726 1755 smaragde,
763 1669 862 1754 iespi
893 1668 1157 1754 Iguuinorum,
1194 1668 1342 1732 berulle

329 1756 561 1843 Porsennae,
588 1759 862 1823 carbunculum
890 1757 1076 1842 Hadriae,
1106 1758 1163 1821 ἵνα
1190 1754 1342 1838 συντέμω
1359 1783 1385 1823 ιο

329 1844 449 1926 πάντα,
472 1844 626 1930 μάλαγμα
648 1846 900 1911 moecharum.

280 1940 321 2004 13
421 1932 586 2018 Exceptus
609 1938 660 1997 est
683 1933 861 2017 aquodam
881 1954 960 1997 cena
978 1933 1060 1997 satis
1079 1953 1178 2017 parce
1198 1935 1232 1995 et
1249 1931 1344 2014 quasi

331 2020 502 2087 cotidiene
539 2044 614 2088 nem
634 2043 735 2106 paene
753 2022 835 2086 nulli
855 2043 889 2085 se
908 2022 1063 2087 inuitenti
1081 2023 1232 2106 negabat
1269 2024 1345 2103 post

331 2110 462 2196 epulum
486 2109 587 2196 igitur
614 2111 708 2196 inops
736 2132 774 2176 ec
801 2110 869 2176 aiae
897 2112 964 2176 ullo
988 2116 1148 2195 apparatu
1172 2108 1340 2174 discedens

330 2198 403 2264 nale
431 2198 550 2264 dicenti
572 2200 634 2264 hoc
660 2204 789 2265 tantum
813 2201 1029 2265 insusurrauit
1056 2221 1132 2265 non
1155 2199 1385 2283 putabamus

332 2309 388 2352 me
410 2287 485 2352 tibi
508 2294 587 2352 tam
610 2288 857 2353 familiarem.

280 2384 322 2450 14
419 2373 501 2440 Qum
525 2376 563 2440 de
582 2376 701 2461 Tyriae
723 2397 892 2461 purpurae,
916 2399 1014 2461 quarn
1033 2377 1097 2440 emi
1116 2376 1266 2457 iusserat,
1289 2374 1345 2438 ob·

331 2463 485 2531 ecaritate
513 2470 714 2550 quereretur,
742 2464 869 2530 dicente
892 2464 1060 2530 uenditore
1088 2465 1195 2548 erige
1220 2464 1345 2528 altius

331 2558 370 2619 et
395 2553 547 2637 suspice
574 2553 625 2619 his
648 2576 725 2618 usus
749 2557 800 2618 est
822 2553 947 2619 salibus
975 2551 1087 2639 quid?
1115 2573 1199 2637 ego,
1223 2555 1265 2615 ut
1289 2574 1345 2615 me

332 2642 498 2727 populus
513 2642 704 2709 ltomenus
723 2642 829 2708 dicat
847 2643 942 2709 bene
961 2644 1121 2728 cultum,
1140 2643 1178 2707 in
1195 2641 1346 2707 solario
1361 2671 1388 2710 aa

333 2733 607 2798 ambulaturus
632 2732 735 2798 sum?

282 2831 323 2896 15
421 2820 691 2887 Noruenculatori
711 2845 779 2906 suo,
799 2823 837 2886 de
856 2824 946 2887 cuius
961 2822 1126 2887 obliuione
1141 2821 1346 2906 querebatur,

334 2909 453 2975 dicenti
485 2911 666 2996 numquid
699 2913 744 2975 ad
776 2913 899 2975 forum
932 2911 1113 2976 mandas?
1144 2948 1186 2957 -
1217 2913 1347 2994 accipe

335 2998 441 3080 inquit
486 2998 842 3082 commendaticias,
888 3001 978 3083 qnia
1025 2999 1113 3063 illic
1157 3000 1346 3062 neminem

334 3086 450 3149 nosti.
1362 3113 1388 3152 as

282 3180 324 3245 16
422 3169 582 3237 Vatinio
604 3173 637 3236 in
657 3173 762 3256 prima
780 3194 839 3236 sua
857 3177 964 3236 aetate
983 3173 1149 3256 eleganter
1167 3171 1348 3236 insulteuit

407 3397 622 3518 lmcopnatum
645 3393 680 3448 B'
768 3395 936 3464 aeprstohs
957 3396 1013 3449 BP
1094 3411 1165 3462 quae
1183 3400 1215 3450 ut
1233 3396 1291 3450 aid.
1314 3392 1347 3448 B

334 3465 489 3535 beprltola
523 3467 563 3519 lP
633 3466 707 3518 dmi
727 3464 846 3520 ebenum
867 3468 987 3521 Ialruius
1007 3467 1126 3520 Hermae
1144 3466 1182 3518 11
1201 3470 1271 3520 217:
1292 3467 1347 3519 mel

333 3537 460 3606 gentium
474 3536 532 3591 BP
575 3541 589 3590 7
611 3536 764 3590 bledulliue
781 3538 925 3592 Turnebus
938 3538 1173 3592 Aduersan'omus
1188 3537 1306 3590 Xl'III
1319 3543 1348 3590 1:

335 3605 453 3662 melculo
480 3610 513 3662 ia
540 3624 596 3662 rae.
621 3610 650 3662 iu
671 3607 707 3674 P,
734 3607 854 3662 meculla
881 3612 962 3676 (corr.
985 3616 1017 3663 ut
1039 3610 1097 3664 aid.
1116 3624 1150 3663 ea
1173 3610 1296 3673 necare)
1321 3608 1349 3661 B

335 3676 405 3732 ebur
424 3696 458 3733 ex
476 3694 527 3734 oua
546 3676 582 3732 P'
675 3679 780 3733 arbinri
800 3679 828 3732 P
915 3679 1050 3752 8sapnul'
1065 3681 1092 3734 B
1170 3678 1301 3747 tyberina
1324 3679 1352 3732 P

336 3752 391 3804 rau
415 3751 447 3804 iu
469 3752 624 3819 margarita
640 3751 645 3817 Ι
661 3751 692 3803 iu
714 3767 770 3805 rus.
793 3752 825 3804 iu
845 3750 873 3803 Ρ
960 3752 1112 3805 crlneorum
1131 3750 1188 3805 BP
1208 3753 1250 3819 (in
1270 3752 1297 3804 B
1316 3752 1349 3805 li·

335 3822 447 3877 brariue
458 3823 590 3891 prioritas
605 3828 772 3888 caeretanus
787 3822 845 3889 suit
858 3822 890 3889 ll)
941 3823 1118 3893 tamuragdo
1136 3823 1169 3889 P,
1185 3821 1349 3891 smaragdus

337 3946 364 3999 B
418 3944 599 4015 Iguuinorum
620 3947 752 4001 Iahnius:
772 3946 924 4016 iugulorum
942 3948 999 4002 BP
1053 3912 1214 4017 10porlb¹ne
1231 3948 1267 4016 B,
1286 3964 1349 4018 por-

337 4016 441 4072 senaP
488 4016 610 4071 Hadriae
627 4019 759 4074 irritatus:
780 4019 885 4073 babens
900 4018 956 4071 BP
1002 4021 1097 4074 ΠΛΝΛ
1116 4019 1152 4072 P'
1207 4027 1350 4073 lacaena

337 4087 364 4143 R
408 4084 531 4157 peceP'
580 4095 611 4142 13
630 4088 796 4144 multatrB
846 4097 877 4146 17
898 4091 1010 4166 trin
1054 4091 1221 4161 198⁶th
1269 4091 1352 4156 qu

337 4165 372 4214 83
390 4160 497 4230 uriqurd
515 4176 565 4215 orn.
587 4157 624 4214 P'
