3322 5190
339 795 405 859 148
727 795 803 853 ssl‘.
822 796 920 852 hlllltl
938 797 964 850 ll

332 978 478 1023 macrum
504 957 636 1023 turdum
664 959 856 1042 sumpsisset
883 959 916 1022 in
945 959 1096 1024 conuiuio
1120 957 1269 1025 Caesaris
1297 960 1345 1024 iu-

330 1045 514 1130 terrogauit
545 1068 592 1110 an
625 1045 782 1111 mittere
814 1046 960 1112 liceret
1010 1047 1226 1131 responderat
1257 1048 1345 1130 prin·

277 1156 407 1290 aa
420 1133 1346 1307 neneaauaesculeae

330 1311 482 1378 sibinen
505 1318 639 1396 rogatus
663 1313 849 1377 exsolueret
871 1317 1041 1378 numerato
1065 1313 1270 1397 quadragies.
1309 1317 1346 1378 at
1371 1343 1385 1384 e

328 1401 385 1465 ille
407 1421 466 1482 pro
489 1401 669 1481 gratiarum
693 1401 820 1465 actione
842 1400 906 1465 hoc
924 1401 1030 1466 solum
1049 1402 1080 1465 ei
1098 1399 1231 1484 scripsit
1248 1401 1344 1467 mihi

329 1487 439 1552 nihil.

276 1581 320 1646 24
418 1572 552 1638 Solebat
577 1572 750 1638 Licinius
781 1573 918 1639 libertus
952 1576 1021 1639 eius
1050 1575 1218 1640 inchoanti
1246 1598 1347 1660 opera

331 1668 469 1748 patrono
497 1681 633 1745 magnas
662 1663 815 1744 pecunias
838 1663 998 1740 conferre,
1026 1684 1120 1746 quem
1151 1685 1274 1728 morem
1298 1687 1346 1730 se

331 1756 425 1817 cutus
449 1754 576 1812 eentum
605 1750 761 1833 promisit
783 1772 841 1834 per
863 1750 1025 1833 libellum,
1053 1752 1087 1814 in
1111 1771 1176 1834 quo
1201 1752 1347 1834 uirgulae
1362 1781 1388 1821 ro

331 1836 544 1922 superductae
573 1859 649 1919 pars
676 1837 764 1901 ultra
789 1838 945 1921 pecuniae
973 1837 1187 1902 defectionem
1216 1843 1347 1921 proten·

331 1927 470 1991 debatur
502 1929 640 1988 uacante
671 1924 758 1989 infra
790 1925 870 1989 loeo.
921 1922 1042 1989 Caesar
1070 1925 1240 1990 occasione
1268 1949 1347 1993 usus

332 2014 433 2102 priori
469 2013 607 2078 alterum
638 2013 759 2078 centies
794 2035 853 2078 sua
880 2035 978 2078 manu
1007 2013 1113 2079 iunxit
1139 2016 1247 2097 spatio
1275 2016 1348 2080 dili·

332 2109 448 2190 genter
481 2102 610 2187 expleto
639 2106 672 2167 et
698 2102 849 2168 affectata
877 2103 1008 2168 litterae
1035 2103 1260 2190 similitudino,
1293 2127 1348 2192 ge

332 2195 551 2277 minatamque
592 2194 719 2277 accepit
759 2214 917 2258 summam
955 2191 1180 2258 dissimulante
1216 2194 1345 2275 liberto,
1362 2222 1388 2264 ιε

354 2284 387 2349 ui
419 2287 533 2368 postea
565 2288 682 2368 coepto
714 2283 779 2347 alio
812 2304 910 2366 opere
945 2282 1063 2348 leniter
1095 2282 1217 2348 factum
1250 2306 1346 2350 suum

332 2306 466 2439 llaesari
494 2371 627 2454 obiecit,
657 2371 769 2437 libello
793 2372 852 2436 tali
877 2372 953 2437 dato
980 2371 1138 2437 confero
1162 2372 1252 2455 tibi,
1282 2374 1348 2439 do·

333 2462 446 2547 miae,
484 2460 527 2526 ad
565 2461 656 2526 noui
694 2460 824 2544 operis
861 2461 1073 2545 impensem
1110 2460 1211 2546 qnod
1244 2461 1349 2527 uide-

336 2551 451 2618 bitur.

280 2642 324 2709 25
421 2640 506 2704 Mira
528 2640 627 2705 etism
650 2637 793 2703 censoris
811 2637 953 2722 Augusti
974 2642 1008 2703 et
1026 2638 1156 2704 laudata
1175 2639 1342 2722 patientia
1358 2669 1385 2708 so

333 2729 569 2813 corripiebatur
600 2749 697 2812 eques
729 2725 894 2791 Itomauus
927 2749 946 2791 a
978 2727 1135 2811 principe,
1173 2732 1343 2813 tamquam

335 2820 505 2885 minuisset
541 2818 710 2884 facultates
748 2837 832 2880 suas.
878 2818 913 2880 ut
948 2816 1002 2880 ille
1040 2839 1073 2881 se
1107 2818 1344 2900 multiplicasse

334 2930 441 2975 coram
464 2907 627 2992 probauit
667 2926 741 2969 mox
766 2903 867 2969 eidem
892 2904 1018 2989 obiecit,
1042 2905 1126 2990 quod
1151 2906 1190 2971 ad
1215 2913 1345 2973 contra-

333 2997 475 3062 hendum
514 2994 756 3060 matrimonium
793 2993 920 3077 legibus
957 3017 1020 3058 non
1058 2995 1227 3078 paruisset.
1289 2996 1345 3062 ille

335 3106 467 3149 uxorem
499 3084 562 3146 sibi
590 3088 623 3146 et
649 3085 713 3144 tres
741 3102 810 3144 esse
837 3081 958 3144 liberos
987 3079 1076 3148 dixit
1126 3086 1195 3145 tum
1224 3082 1343 3147 adiecit
1357 3109 1383 3149 aa

335 3171 512 3253 posthac,
545 3167 697 3250 Caesar,
730 3189 811 3231 oum
844 3165 886 3230 de
915 3167 1091 3231 honestis
1120 3169 1346 3235 hominibus

282 3258 515 3342 26inquiris,
547 3255 723 3319 honestis
755 3254 943 3319 mandato.
996 3257 1095 3318 etiam
1128 3255 1243 3319 militis
1276 3279 1344 3321 non

338 3345 521 3409 libertatem
550 3348 676 3407 tentum
705 3341 760 3405 scd
784 3346 817 3405 et
840 3341 1056 3406 temeritatem
1080 3342 1167 3406 tulit.
1211 3344 1245 3406 in
1269 3366 1346 3428 qua-

336 3434 412 3498 dam
439 3432 518 3496 uilla
540 3432 701 3517 inquietas
724 3434 836 3495 noctes
860 3429 978 3513 egebat
1000 3437 1169 3514 rumpente
1194 3452 1345 3496 somnum

338 3522 407 3587 eius
419 3522 532 3586 crebro
542 3525 678 3586 noctuae
689 3524 795 3585 cantu.
820 3518 1037 3603 prendendam
1049 3519 1177 3585 curauit
1187 3524 1350 3587 noctuam.
1364 3538 1391 3578 ³⁰

337 3611 430 3676 miles
452 3610 580 3695 aucupii
603 3610 727 3693 peritus
752 3613 785 3673 et
807 3630 864 3692 spe
887 3609 1029 3692 ingentis
1049 3609 1184 3692 praemii
1203 3610 1349 3692 pertulit.

337 3700 469 3765 laudato
505 3700 684 3785 imperator
721 3698 810 3762 mille
842 3719 992 3764 nummos
1029 3697 1099 3763 dari
1133 3697 1240 3764 iussit.
1295 3699 1352 3764 ille

411 3893 615 3948 llumlrsldiB
666 3891 958 3963 taugultulom.P'
1010 3890 1187 3947 tlcrrhrtB
1233 3893 1355 3948 ‘larlP

338 3965 503 4021 Slrscrniul
522 3967 549 4019 P
619 3961 760 4033 alequur'
781 3966 808 4019 P
879 3970 910 4017 14
929 3963 1086 4018 affectaB'
1162 3967 1296 4034 ltcpta
1316 3965 1352 4031 P,

338 4039 438 4108 coepta
457 4055 526 4093 coss.
545 4038 577 4093 ia
596 4043 695 4107 coepto
715 4038 743 4091 B
793 4041 827 4091 26
845 4036 909 4107 post
927 4037 1001 4090 hanc
1020 4035 1048 4089 P
1096 4042 1129 4091 27
1149 3983 1274 4091 honoiem
1288 4044 1353 4093 ante

338 4162 472 4218 mandato
491 4178 540 4217 om.
559 4139 595 4217 'P'
651 4167 685 4216 29
704 4160 837 4230 inqurleel
852 4161 879 4213 B
934 4164 968 4214 30
987 4119 1099 4230 pilandi
1118 4160 1146 4214 P
