3322 5190
767 841 806 896 Vl
825 847 913 896 8-10

541 1025 718 1090 pacemque
741 1025 801 1089 per
824 1024 898 1068 arus

327 1183 361 1243 eh
372 1091 558 1177 exquirunt,

541 1270 700 1354 paulatim
724 1269 856 1336 sholere
879 1266 1064 1354 Sychaeum

300 1382 313 1424 s
372 1357 493 1444 incipit

327 1505 425 1569 saepe
448 1483 548 1549 etism
571 1484 673 1551 uerbo
696 1506 754 1570 pro
779 1483 889 1550 uerbis
913 1483 1048 1569 pulchre
1071 1481 1167 1568 ponit
1355 1481 1375 1547 8

371 1630 493 1693 oreque
517 1609 691 1676 corticibus
715 1613 850 1676 sumunt
872 1608 1036 1675 horrende
1058 1606 1199 1690 couetis,
1304 1605 1307 1611 ’

327 1755 395 1799 ore
418 1755 479 1818 pro
503 1735 696 1820 personis,

288 1970 314 2010 ro
327 1861 361 1923 el
370 1945 513 2013 discolor
536 1946 620 2012 unde
644 1946 714 2012 euri
737 1968 796 2032 per
819 1968 928 2013 remos
952 1968 1032 2011 oure
1055 1944 1193 2010 refulsit.

327 2069 403 2154 quid
431 2074 482 2135 est
509 2071 596 2135 eninr
624 2071 695 2135 euri
723 2093 817 2152 eure,
844 2074 902 2135 eut
927 2093 1023 2154 quern
1047 2069 1087 2134 ed
1111 2068 1244 2135 modum
1268 2088 1348 2133 eure

327 2157 490 2244 refulget?
536 2158 593 2223 sed
617 2161 727 2224 temen
749 2158 884 2242 pulchre
908 2157 1088 2242 usurpauit

329 2283 362 2345 el
543 2367 642 2434 simili
666 2368 847 2435 frondescit
869 2368 963 2455 uirgo
986 2368 1139 2434 metullo:

290 2517 314 2557 rs
329 2516 426 2579 qurum
449 2493 531 2559 bene
555 2515 632 2559 usus
656 2496 707 2558 est
730 2493 948 2560 frondescit
971 2491 1151 2559 metello?

330 2622 363 2685 et

544 2708 631 2794 nigri
654 2731 726 2775 curn
750 2709 835 2775 lecte
859 2708 985 2774 ueneni.

329 2817 346 2856 r
366 2818 382 2857 e
401 2817 418 2857 s
438 2818 455 2856 s
475 2818 491 2857 r
511 2796 606 2884 nigro
631 2798 799 2883 imponere
822 2818 941 2862 nomen
964 2796 1081 2862 lectis?

289 3015 316 3053 ro
330 2905 460 3055 ethercul
484 2990 581 3060 eliter
603 2991 707 3056 iustae
731 2991 849 3075 quibus
873 2993 923 3056 est
945 2990 1123 3056 Mezentius
1146 2989 1223 3056 irne.

328 3112 417 3179 odio
445 3135 531 3180 esse
559 3114 728 3199 aliquem
756 3115 927 3200 usitatum,
955 3114 1036 3179 irus
1065 3135 1149 3180 esse
1177 3114 1346 3179 inuentum

327 3201 472 3269 Maronis
506 3207 565 3268 est.
616 3203 696 3269 item
731 3205 770 3269 de
803 3202 928 3269 duobus
962 3203 1078 3288 incipit
1109 3202 1216 3268 dicere
1248 3204 1282 3267 et
1313 3202 1401 3272 in10

330 3311 427 3355 unum
452 3291 573 3355 desinit

373 3414 498 3478 intereo
520 3434 627 3499 reges,
651 3415 779 3500 ingenti
803 3414 890 3479 mole
914 3412 1049 3478 Latinus

290 3526 316 3567 rs
375 3501 568 3588 quadriiugo
592 3501 724 3568 uehitur
747 3524 858 3583 curru,

330 3627 366 3690 ut
388 3627 439 3690 est
462 3623 549 3710 epud
572 3624 751 3691 Homerum

402 3807 504 3864 then
523 3806 577 3862 llll
596 3812 631 3863 hd
685 3807 759 3863 sib.
778 3807 791 3861 l
811 3813 863 3863 '120
919 3807 1057 3879 rusorg.
1076 3807 1103 3862 11
1122 3813 1174 3863 887
1230 3812 1264 3862 10
1278 3807 1347 3864 Aen.

327 3877 367 4003 {a}
382 3882 450 4004 {2ss
470 3877 612 4004 XIllpssilb.
632 3877 671 3932 Vl
690 3883 742 3933 144
825 3884 857 3934 1'l
877 3878 916 3934 ib.
935 3877 1059 3934 1111514
1143 3883 1176 3934 18
1194 3878 1348 3936 ihxrle

333 4052 517 4061 uum-*1
523 4052 547 4060 .-

400 4122 417 4172 4
442 4117 536 4173 freheri
560 4116 588 4171 P
675 4123 691 4172 6
714 4116 831 4187 pulchre
849 4133 901 4174 om.
920 4112 957 4173 P*
1051 4124 1083 4174 11
1103 4135 1152 4175 ure
1170 4117 1294 4190 refulget
1312 4112 1350 4173 P'

332 4210 365 4259 rs
383 4189 481 4275 pune
501 4206 529 4260 P
585 4211 617 4260 ιε
636 4206 1047 4264 monasteriensium
