<?xml version="1.0" encoding="UTF-8"?>
<!DOCTYPE html PUBLIC "-//W3C//DTD XHTML 1.0 Transitional//EN"
    "http://www.w3.org/TR/xhtml1/DTD/xhtml1-transitional.dtd">
<html xmlns="http://www.w3.org/1999/xhtml" xml:lang="en" lang="en">
 <head>
  <title>
</title>
<meta http-equiv="Content-Type" content="text/html;charset=utf-8" />
  <meta name='ocr-system' content='tesseract 3.04.00' />
  <meta name='ocr-capabilities' content='ocr_page ocr_carea ocr_par ocr_line ocrx_word'/>
</head>
<body>
  <div class='ocr_page' id='page_1' title='image "./macrobius00cicegoog_0560.png"; bbox 0 0 3322 5190; ppageno 0'>
   <div class='ocr_carea' id='block_1_1' title="bbox 388 808 1168 873">
    <p class='ocr_par' dir='ltr' id='par_1_1' title="bbox 388 808 1168 873">
     <span class='ocr_line' id='line_1_1' title="bbox 388 808 1168 873; baseline -0.004 -8"><span class='ocrx_word' id='word_1_1' title='bbox 388 808 455 873; x_wconf 78' lang='grc'><strong>542</strong></span> <span class='ocrx_word' id='word_1_2' title='bbox 615 809 728 865; x_wconf 80' lang='lat' dir='ltr'><strong>CObssl.</strong></span> <span class='ocrx_word' id='word_1_3' title='bbox 748 808 787 864; x_wconf 76' lang='lat' dir='ltr'><strong>m</strong></span> <span class='ocrx_word' id='word_1_4' title='bbox 806 808 1136 865; x_wconf 63' lang='lat' dir='ltr'><strong>somnolentam</strong></span> <span class='ocrx_word' id='word_1_5' title='bbox 1156 808 1168 862; x_wconf 95' lang='lat'><em>1</em></span> 
     </span>
    </p>
   </div>
   <div class='ocr_carea' id='block_1_2' title="bbox 326 969 1455 3886">
    <p class='ocr_par' dir='ltr' id='par_1_2' title="bbox 326 969 1455 3886">
     <span class='ocr_line' id='line_1_2' title="bbox 388 969 1414 1053; baseline 0 -19"><span class='ocrx_word' id='word_1_6' title='bbox 388 970 497 1034; x_wconf 82' lang='lat' dir='ltr'><strong>anime</strong></span> <span class='ocrx_word' id='word_1_7' title='bbox 524 991 652 1053; x_wconf 87' lang='lat' dir='ltr'><strong>semper</strong></span> <span class='ocrx_word' id='word_1_8' title='bbox 679 971 840 1052; x_wconf 81' lang='lat' dir='ltr'><strong>uigorem,</strong></span> <span class='ocrx_word' id='word_1_9' title='bbox 868 970 924 1033; x_wconf 90' lang='lat' dir='ltr'><strong>sed</strong></span> <span class='ocrx_word' id='word_1_10' title='bbox 953 992 1045 1033; x_wconf 93' lang='lat' dir='ltr'><strong>usum</strong></span> <span class='ocrx_word' id='word_1_11' title='bbox 1075 969 1144 1032; x_wconf 89' lang='lat' dir='ltr'><strong>eins</strong></span> <span class='ocrx_word' id='word_1_12' title='bbox 1169 969 1348 1034; x_wconf 85' lang='lat' dir='ltr'><strong>hebescere</strong></span> <span class='ocrx_word' id='word_1_13' title='bbox 1373 972 1414 1034; x_wconf 91' lang='lat' dir='ltr'><strong>in</strong></span> 
     </span>
     <span class='ocr_line' id='line_1_3' title="bbox 388 1056 1413 1141; baseline -0.001 -19"><span class='ocrx_word' id='word_1_14' title='bbox 388 1057 584 1122; x_wconf 75' lang='lat' dir='ltr'><strong>animalibus</strong></span> <span class='ocrx_word' id='word_1_15' title='bbox 621 1058 810 1141; x_wconf 75' lang='lat' dir='ltr'><strong>corporibus</strong></span> <span class='ocrx_word' id='word_1_16' title='bbox 847 1057 1021 1139; x_wconf 85' lang='lat' dir='ltr'><strong>densitate,</strong></span> <span class='ocrx_word' id='word_1_17' title='bbox 1058 1056 1176 1120; x_wconf 90' lang='lat' dir='ltr'><strong>adiecit</strong></span> <span class='ocrx_word' id='word_1_18' title='bbox 1211 1063 1413 1140; x_wconf 74' lang='lat' dir='ltr'><strong>qnantum</strong></span> 
     </span>
     <span class='ocr_line' id='line_1_4' title="bbox 336 1144 1412 1228; baseline 0.001 -19"><span class='ocrx_word' id='word_1_19' title='bbox 336 1145 463 1210; x_wconf 79' lang='lat' dir='ltr'><strong>lbnon</strong></span> <span class='ocrx_word' id='word_1_20' title='bbox 486 1145 602 1211; x_wconf 85' lang='lat' dir='ltr'><strong>noxis</strong></span> <span class='ocrx_word' id='word_1_21' title='bbox 625 1167 789 1228; x_wconf 88' lang='lat' dir='ltr'><strong>corpora</strong></span> <span class='ocrx_word' id='word_1_22' title='bbox 811 1145 970 1210; x_wconf 85' lang='lat' dir='ltr'><strong>tardant</strong></span> <span class='ocrx_word' id='word_1_23' title='bbox 992 1147 1025 1208; x_wconf 89' lang='lat' dir='ltr'><strong>et</strong></span> <span class='ocrx_word' id='word_1_24' title='bbox 1048 1144 1179 1228; x_wconf 80' lang='lat' dir='ltr'><strong>reliqna</strong></span> <span class='ocrx_word' id='word_1_25' title='bbox 1222 1146 1412 1210; x_wconf 87' lang='lat' dir='ltr'><strong>secundum</strong></span> 
     </span>
     <span class='ocr_line' id='line_1_5' title="bbox 388 1233 1412 1319; baseline -0.001 -21"><span class='ocrx_word' id='word_1_26' title='bbox 388 1234 467 1299; x_wconf 85' lang='lat' dir='ltr'><strong>baec</strong></span> <span class='ocrx_word' id='word_1_27' title='bbox 490 1255 569 1319; x_wconf 80' lang='lat' dir='ltr'><strong>ergo</strong></span> <span class='ocrx_word' id='word_1_28' title='bbox 592 1256 665 1299; x_wconf 91' lang='lat' dir='ltr'><strong>cum</strong></span> <span class='ocrx_word' id='word_1_29' title='bbox 689 1255 728 1298; x_wconf 84' lang='lat' dir='ltr'><strong>ex</strong></span> <span class='ocrx_word' id='word_1_30' title='bbox 751 1255 878 1298; x_wconf 90' lang='lat' dir='ltr'><strong>summo</strong></span> <span class='ocrx_word' id='word_1_31' title='bbox 902 1233 961 1298; x_wconf 91' lang='lat' dir='ltr'><strong>deo</strong></span> <span class='ocrx_word' id='word_1_32' title='bbox 984 1254 1083 1314; x_wconf 87' lang='lat' dir='ltr'><strong>mens,</strong></span> <span class='ocrx_word' id='word_1_33' title='bbox 1106 1253 1144 1296; x_wconf 86' lang='lat' dir='ltr'><strong>ex</strong></span> <span class='ocrx_word' id='word_1_34' title='bbox 1163 1235 1270 1297; x_wconf 89' lang='lat' dir='ltr'><strong>mente</strong></span> <span class='ocrx_word' id='word_1_35' title='bbox 1288 1234 1412 1298; x_wconf 86' lang='lat' dir='ltr'><strong>anima</strong></span> 
     </span>
     <span class='ocr_line' id='line_1_6' title="bbox 387 1320 1410 1406; baseline 0 -20"><span class='ocrx_word' id='word_1_36' title='bbox 387 1323 439 1406; x_wconf 86' lang='lat' dir='ltr'><strong>fit,</strong></span> <span class='ocrx_word' id='word_1_37' title='bbox 472 1323 581 1387; x_wconf 88' lang='lat' dir='ltr'><strong>anima</strong></span> <span class='ocrx_word' id='word_1_38' title='bbox 613 1344 690 1386; x_wconf 91' lang='lat' dir='ltr'><strong>uero</strong></span> <span class='ocrx_word' id='word_1_39' title='bbox 722 1328 756 1387; x_wconf 88' lang='lat' dir='ltr'><strong>et</strong></span> <span class='ocrx_word' id='word_1_40' title='bbox 788 1323 906 1387; x_wconf 92' lang='lat' dir='ltr'><strong>condat</strong></span> <span class='ocrx_word' id='word_1_41' title='bbox 935 1327 969 1386; x_wconf 92' lang='lat' dir='ltr'><strong>et</strong></span> <span class='ocrx_word' id='word_1_42' title='bbox 1000 1323 1068 1385; x_wconf 87' lang='lat' dir='ltr'><strong>uita</strong></span> <span class='ocrx_word' id='word_1_43' title='bbox 1100 1320 1251 1404; x_wconf 79' lang='lat' dir='ltr'><strong>conplent</strong></span> <span class='ocrx_word' id='word_1_44' title='bbox 1277 1323 1410 1401; x_wconf 86' lang='lat' dir='ltr'><strong>omnia,</strong></span> 
     </span>
     <span class='ocr_line' id='line_1_7' title="bbox 387 1409 1411 1495; baseline -0.001 -19"><span class='ocrx_word' id='word_1_45' title='bbox 387 1432 470 1495; x_wconf 88' lang='lat' dir='ltr'><strong>quae</strong></span> <span class='ocrx_word' id='word_1_46' title='bbox 493 1417 655 1495; x_wconf 90' lang='lat' dir='ltr'><strong>secuntur,</strong></span> <span class='ocrx_word' id='word_1_47' title='bbox 677 1415 856 1495; x_wconf 84' lang='lat' dir='ltr'><strong>cuncteque</strong></span> <span class='ocrx_word' id='word_1_48' title='bbox 879 1410 932 1476; x_wconf 89' lang='lat' dir='ltr'><strong>hic</strong></span> <span class='ocrx_word' id='word_1_49' title='bbox 954 1433 1036 1475; x_wconf 89' lang='lat' dir='ltr'><strong>unus</strong></span> <span class='ocrx_word' id='word_1_50' title='bbox 1060 1410 1166 1494; x_wconf 78' lang='lat' dir='ltr'><strong>fulgor</strong></span> <span class='ocrx_word' id='word_1_51' title='bbox 1184 1409 1351 1475; x_wconf 91' lang='lat' dir='ltr'><strong>illuminet</strong></span> <span class='ocrx_word' id='word_1_52' title='bbox 1369 1417 1411 1476; x_wconf 91' lang='lat' dir='ltr'><strong>et</strong></span> 
     </span>
     <span class='ocr_line' id='line_1_8' title="bbox 387 1497 1408 1584; baseline 0 -20"><span class='ocrx_word' id='word_1_53' title='bbox 387 1500 547 1565; x_wconf 91' lang='lat' dir='ltr'><strong>uniuersis</strong></span> <span class='ocrx_word' id='word_1_54' title='bbox 571 1506 736 1584; x_wconf 76' lang='lat' dir='ltr'><strong>appareat,</strong></span> <span class='ocrx_word' id='word_1_55' title='bbox 759 1504 796 1564; x_wconf 87' lang='lat' dir='ltr'><strong>ut</strong></span> <span class='ocrx_word' id='word_1_56' title='bbox 819 1502 852 1564; x_wconf 90' lang='lat' dir='ltr'><strong>iu</strong></span> <span class='ocrx_word' id='word_1_57' title='bbox 876 1500 986 1564; x_wconf 85' lang='lat' dir='ltr'><strong>multis</strong></span> <span class='ocrx_word' id='word_1_58' title='bbox 1010 1499 1148 1583; x_wconf 81' lang='lat' dir='ltr'><strong>speculis</strong></span> <span class='ocrx_word' id='word_1_59' title='bbox 1172 1497 1408 1582; x_wconf 87' lang='lat' dir='ltr'><strong>perordinem</strong></span> 
     </span>
     <span class='ocr_line' id='line_1_9' title="bbox 385 1587 1407 1674; baseline -0.002 -20"><span class='ocrx_word' id='word_1_60' title='bbox 385 1589 503 1674; x_wconf 91' lang='lat' dir='ltr'><strong>positis</strong></span> <span class='ocrx_word' id='word_1_61' title='bbox 521 1590 632 1654; x_wconf 87' lang='lat' dir='ltr'><strong>uultus</strong></span> <span class='ocrx_word' id='word_1_62' title='bbox 647 1610 739 1672; x_wconf 87' lang='lat' dir='ltr'><strong>unus,</strong></span> <span class='ocrx_word' id='word_1_63' title='bbox 758 1610 894 1673; x_wconf 89' lang='lat' dir='ltr'><strong>cumque</strong></span> <span class='ocrx_word' id='word_1_64' title='bbox 914 1588 1023 1653; x_wconf 89' lang='lat' dir='ltr'><strong>omniu</strong></span> <span class='ocrx_word' id='word_1_65' title='bbox 1042 1587 1203 1653; x_wconf 82' lang='lat' dir='ltr'><strong>continuis</strong></span> <span class='ocrx_word' id='word_1_66' title='bbox 1223 1589 1407 1652; x_wconf 84' lang='lat' dir='ltr'><strong>successio-</strong></span> 
     </span>
     <span class='ocr_line' id='line_1_10' title="bbox 385 1676 1404 1764; baseline -0.001 -22"><span class='ocrx_word' id='word_1_67' title='bbox 385 1678 482 1744; x_wconf 86' lang='lat' dir='ltr'><strong>nibus</strong></span> <span class='ocrx_word' id='word_1_68' title='bbox 502 1700 536 1743; x_wconf 90' lang='lat' dir='ltr'><strong>ss</strong></span> <span class='ocrx_word' id='word_1_69' title='bbox 555 1682 732 1764; x_wconf 90' lang='lat' dir='ltr'><strong>sequantur</strong></span> <span class='ocrx_word' id='word_1_70' title='bbox 750 1678 981 1762; x_wconf 82' lang='lat' dir='ltr'><strong>degenerantis</strong></span> <span class='ocrx_word' id='word_1_71' title='bbox 999 1700 1056 1761; x_wconf 88' lang='lat' dir='ltr'><strong>per</strong></span> <span class='ocrx_word' id='word_1_72' title='bbox 1075 1677 1218 1742; x_wconf 88' lang='lat' dir='ltr'><strong>ordinem</strong></span> <span class='ocrx_word' id='word_1_73' title='bbox 1238 1676 1279 1741; x_wconf 86' lang='lat' dir='ltr'><strong>ad</strong></span> <span class='ocrx_word' id='word_1_74' title='bbox 1293 1677 1404 1742; x_wconf 86' lang='lat' dir='ltr'><strong>imum</strong></span> 
     </span>
     <span class='ocr_line' id='line_1_11' title="bbox 386 1765 1455 1850; baseline -0.002 -18"><span class='ocrx_word' id='word_1_75' title='bbox 386 1767 530 1832; x_wconf 86' lang='lat' dir='ltr'><strong>meandi:</strong></span> <span class='ocrx_word' id='word_1_76' title='bbox 567 1768 748 1832; x_wconf 88' lang='lat' dir='ltr'><strong>inuenietur</strong></span> <span class='ocrx_word' id='word_1_77' title='bbox 779 1767 920 1850; x_wconf 87' lang='lat' dir='ltr'><strong>pressius</strong></span> <span class='ocrx_word' id='word_1_78' title='bbox 952 1766 1092 1831; x_wconf 87' lang='lat' dir='ltr'><strong>intuenti</strong></span> <span class='ocrx_word' id='word_1_79' title='bbox 1125 1789 1144 1831; x_wconf 86' lang='lat' dir='ltr'><strong>a</strong></span> <span class='ocrx_word' id='word_1_80' title='bbox 1175 1787 1301 1830; x_wconf 87' lang='lat' dir='ltr'><strong>summo</strong></span> <span class='ocrx_word' id='word_1_81' title='bbox 1336 1765 1403 1832; x_wconf 92' lang='lat' dir='ltr'><strong>deo</strong></span> <span class='ocrx_word' id='word_1_82' title='bbox 1423 1791 1455 1830; x_wconf 80' lang='lat' dir='ltr'><strong>ro</strong></span> 
     </span>
     <span class='ocr_line' id='line_1_12' title="bbox 386 1855 1405 1939; baseline 0 -20"><span class='ocrx_word' id='word_1_83' title='bbox 386 1876 487 1939; x_wconf 93' lang='lat' dir='ltr'><strong>usque</strong></span> <span class='ocrx_word' id='word_1_84' title='bbox 516 1855 556 1919; x_wconf 89' lang='lat' dir='ltr'><strong>ad</strong></span> <span class='ocrx_word' id='word_1_85' title='bbox 586 1856 734 1919; x_wconf 88' lang='lat' dir='ltr'><strong>ultimam</strong></span> <span class='ocrx_word' id='word_1_86' title='bbox 762 1876 868 1918; x_wconf 90' lang='lat' dir='ltr'><strong>rerum</strong></span> <span class='ocrx_word' id='word_1_87' title='bbox 892 1855 1012 1919; x_wconf 84' lang='lat' dir='ltr'><strong>faecem</strong></span> <span class='ocrx_word' id='word_1_88' title='bbox 1036 1877 1101 1919; x_wconf 92' lang='lat' dir='ltr'><strong>una</strong></span> <span class='ocrx_word' id='word_1_89' title='bbox 1124 1855 1245 1919; x_wconf 87' lang='lat' dir='ltr'><strong>mutuis</strong></span> <span class='ocrx_word' id='word_1_90' title='bbox 1268 1875 1302 1918; x_wconf 88' lang='lat' dir='ltr'><strong>se</strong></span> <span class='ocrx_word' id='word_1_91' title='bbox 1327 1855 1405 1919; x_wconf 91' lang='lat' dir='ltr'><strong>uin·</strong></span> 
     </span>
     <span class='ocr_line' id='line_1_13' title="bbox 386 1942 1403 2027; baseline 0 -19"><span class='ocrx_word' id='word_1_92' title='bbox 386 1943 467 2008; x_wconf 89' lang='lat' dir='ltr'><strong>culis</strong></span> <span class='ocrx_word' id='word_1_93' title='bbox 491 1943 631 2027; x_wconf 80' lang='lat' dir='ltr'><strong>religans</strong></span> <span class='ocrx_word' id='word_1_94' title='bbox 655 1947 688 2007; x_wconf 92' lang='lat' dir='ltr'><strong>et</strong></span> <span class='ocrx_word' id='word_1_95' title='bbox 705 1964 864 2026; x_wconf 88' lang='lat' dir='ltr'><strong>nusquam</strong></span> <span class='ocrx_word' id='word_1_96' title='bbox 883 1943 1064 2027; x_wconf 86' lang='lat' dir='ltr'><strong>interrupta</strong></span> <span class='ocrx_word' id='word_1_97' title='bbox 1082 1944 1223 2008; x_wconf 84' lang='lat' dir='ltr'><strong>conexio.</strong></span> <span class='ocrx_word' id='word_1_98' title='bbox 1264 1942 1403 2008; x_wconf 82' lang='lat' dir='ltr'><strong>ethaeo</strong></span> 
     </span>
     <span class='ocr_line' id='line_1_14' title="bbox 386 2030 1400 2116; baseline 0.001 -21"><span class='ocrx_word' id='word_1_99' title='bbox 386 2036 437 2096; x_wconf 90' lang='lat' dir='ltr'><strong>est</strong></span> <span class='ocrx_word' id='word_1_100' title='bbox 459 2030 592 2096; x_wconf 86' lang='lat' dir='ltr'><strong>Homeri</strong></span> <span class='ocrx_word' id='word_1_101' title='bbox 620 2035 735 2096; x_wconf 87' lang='lat' dir='ltr'><strong>catena</strong></span> <span class='ocrx_word' id='word_1_102' title='bbox 763 2053 874 2116; x_wconf 84' lang='lat' dir='ltr'><strong>aurea,</strong></span> <span class='ocrx_word' id='word_1_103' title='bbox 902 2054 997 2115; x_wconf 88' lang='lat' dir='ltr'><strong>quarn</strong></span> <span class='ocrx_word' id='word_1_104' title='bbox 1027 2032 1164 2116; x_wconf 88' lang='lat' dir='ltr'><strong>pendere</strong></span> <span class='ocrx_word' id='word_1_105' title='bbox 1187 2031 1225 2096; x_wconf 90' lang='lat' dir='ltr'><strong>de</strong></span> <span class='ocrx_word' id='word_1_106' title='bbox 1248 2032 1338 2096; x_wconf 87' lang='lat' dir='ltr'><strong>caelo</strong></span> <span class='ocrx_word' id='word_1_107' title='bbox 1363 2033 1400 2096; x_wconf 91' lang='lat' dir='ltr'><strong>in</strong></span> 
     </span>
     <span class='ocr_line' id='line_1_15' title="bbox 335 2120 1400 2207; baseline 0.001 -21"><span class='ocrx_word' id='word_1_108' title='bbox 335 2122 375 2188; x_wconf 86' lang='lat'><strong>16</strong></span> <span class='ocrx_word' id='word_1_109' title='bbox 386 2125 489 2187; x_wconf 87' lang='lat' dir='ltr'><strong>terras</strong></span> <span class='ocrx_word' id='word_1_110' title='bbox 522 2121 616 2186; x_wconf 85' lang='lat' dir='ltr'><strong>deuru</strong></span> <span class='ocrx_word' id='word_1_111' title='bbox 650 2121 782 2186; x_wconf 89' lang='lat' dir='ltr'><strong>iussisse</strong></span> <span class='ocrx_word' id='word_1_112' title='bbox 814 2127 1055 2187; x_wconf 86' lang='lat' dir='ltr'><strong>commemorat.</strong></span> <span class='ocrx_word' id='word_1_113' title='bbox 1110 2122 1161 2187; x_wconf 88' lang='lat' dir='ltr'><strong>bis</strong></span> <span class='ocrx_word' id='word_1_114' title='bbox 1189 2143 1266 2207; x_wconf 80' lang='lat' dir='ltr'><strong>ergo</strong></span> <span class='ocrx_word' id='word_1_115' title='bbox 1299 2120 1400 2187; x_wconf 87' lang='lat' dir='ltr'><strong>dictis</strong></span> 
     </span>
     <span class='ocr_line' id='line_1_16' title="bbox 385 2211 1451 2295; baseline -0.001 -20"><span class='ocrx_word' id='word_1_116' title='bbox 385 2211 490 2276; x_wconf 91' lang='lat' dir='ltr'><strong>solnm</strong></span> <span class='ocrx_word' id='word_1_117' title='bbox 518 2212 681 2276; x_wconf 86' lang='lat' dir='ltr'><strong>homiuem</strong></span> <span class='ocrx_word' id='word_1_118' title='bbox 710 2214 839 2276; x_wconf 87' lang='lat' dir='ltr'><strong>constat</strong></span> <span class='ocrx_word' id='word_1_119' title='bbox 867 2233 905 2274; x_wconf 85' lang='lat' dir='ltr'><strong>ex</strong></span> <span class='ocrx_word' id='word_1_120' title='bbox 933 2211 1451 2295; x_wconf 79' lang='lat' dir='ltr'><strong>terrenisomnibusmentis,1e</strong></span> 
     </span>
     <span class='ocr_line' id='line_1_17' title="bbox 384 2298 1400 2365; baseline 0.001 -2"><span class='ocrx_word' id='word_1_121' title='bbox 384 2298 416 2364; x_wconf 90' lang='lat' dir='ltr'><strong>id</strong></span> <span class='ocrx_word' id='word_1_122' title='bbox 440 2303 491 2364; x_wconf 91' lang='lat' dir='ltr'><strong>est</strong></span> <span class='ocrx_word' id='word_1_123' title='bbox 513 2301 611 2365; x_wconf 91' lang='lat' dir='ltr'><strong>animi</strong></span> <span class='ocrx_word' id='word_1_124' title='bbox 635 2301 821 2364; x_wconf 83' lang='lat' dir='ltr'><strong>societatem</strong></span> <span class='ocrx_word' id='word_1_125' title='bbox 840 2320 912 2363; x_wconf 93' lang='lat' dir='ltr'><strong>cum</strong></span> <span class='ocrx_word' id='word_1_126' title='bbox 932 2298 1022 2363; x_wconf 86' lang='lat' dir='ltr'><strong>caelo</strong></span> <span class='ocrx_word' id='word_1_127' title='bbox 1042 2303 1075 2363; x_wconf 89' lang='lat' dir='ltr'><strong>et</strong></span> <span class='ocrx_word' id='word_1_128' title='bbox 1094 2299 1254 2364; x_wconf 91' lang='lat' dir='ltr'><strong>sideribus</strong></span> <span class='ocrx_word' id='word_1_129' title='bbox 1272 2298 1400 2364; x_wconf 87' lang='lat' dir='ltr'><strong>habere</strong></span> 
     </span>
     <span class='ocr_line' id='line_1_18' title="bbox 383 2386 1398 2470; baseline 0.001 -20"><span class='ocrx_word' id='word_1_130' title='bbox 383 2407 595 2451; x_wconf 88' lang='lat' dir='ltr'><strong>communem.</strong></span> <span class='ocrx_word' id='word_1_131' title='bbox 645 2393 677 2450; x_wconf 91' lang='lat' dir='ltr'><strong>et</strong></span> <span class='ocrx_word' id='word_1_132' title='bbox 703 2388 764 2450; x_wconf 90' lang='lat' dir='ltr'><strong>hoc</strong></span> <span class='ocrx_word' id='word_1_133' title='bbox 791 2392 854 2468; x_wconf 90' lang='lat' dir='ltr'><strong>est,</strong></span> <span class='ocrx_word' id='word_1_134' title='bbox 885 2387 970 2470; x_wconf 93' lang='lat' dir='ltr'><strong>quod</strong></span> <span class='ocrx_word' id='word_1_135' title='bbox 999 2388 1046 2449; x_wconf 86' lang='lat' dir='ltr'><strong>ait</strong></span> <span class='ocrx_word' id='word_1_136' title='bbox 1077 2386 1214 2470; x_wconf 86' lang='lat' dir='ltr'><strong>hisque</strong></span> <span class='ocrx_word' id='word_1_137' title='bbox 1243 2386 1398 2451; x_wconf 91' lang='lat' dir='ltr'><strong>animus</strong></span> 
     </span>
     <span class='ocr_line' id='line_1_19' title="bbox 383 2473 1397 2557; baseline -0.001 -19"><span class='ocrx_word' id='word_1_138' title='bbox 383 2473 495 2539; x_wconf 87' lang='lat' dir='ltr'><strong>datus</strong></span> <span class='ocrx_word' id='word_1_139' title='bbox 527 2481 586 2539; x_wconf 92' lang='lat' dir='ltr'><strong>est</strong></span> <span class='ocrx_word' id='word_1_140' title='bbox 618 2495 661 2538; x_wconf 84' lang='lat' dir='ltr'><strong>ex</strong></span> <span class='ocrx_word' id='word_1_141' title='bbox 694 2475 777 2538; x_wconf 91' lang='lat' dir='ltr'><strong>illis</strong></span> <span class='ocrx_word' id='word_1_142' title='bbox 809 2475 1060 2557; x_wconf 79' lang='lat' dir='ltr'><strong>sempiternis</strong></span> <span class='ocrx_word' id='word_1_143' title='bbox 1090 2474 1264 2556; x_wconf 79' lang='lat' dir='ltr'><strong>ignibus,</strong></span> <span class='ocrx_word' id='word_1_144' title='bbox 1296 2495 1397 2557; x_wconf 91' lang='lat' dir='ltr'><strong>quae</strong></span> 
     </span>
     <span class='ocr_line' id='line_1_20' title="bbox 331 2562 1395 2642; baseline 0 -16"><span class='ocrx_word' id='word_1_145' title='bbox 331 2562 512 2627; x_wconf 77' lang='lat' dir='ltr'><strong>l‘lsidera</strong></span> <span class='ocrx_word' id='word_1_146' title='bbox 548 2568 584 2626; x_wconf 89' lang='lat' dir='ltr'><strong>et</strong></span> <span class='ocrx_word' id='word_1_147' title='bbox 622 2563 760 2626; x_wconf 85' lang='lat' dir='ltr'><strong>stellas</strong></span> <span class='ocrx_word' id='word_1_148' title='bbox 799 2563 957 2626; x_wconf 87' lang='lat' dir='ltr'><strong>uocatis.</strong></span> <span class='ocrx_word' id='word_1_149' title='bbox 1008 2584 1068 2625; x_wconf 91' lang='lat' dir='ltr'><strong>nec</strong></span> <span class='ocrx_word' id='word_1_150' title='bbox 1099 2567 1208 2626; x_wconf 87' lang='lat' dir='ltr'><strong>tamen</strong></span> <span class='ocrx_word' id='word_1_151' title='bbox 1241 2582 1280 2625; x_wconf 83' lang='lat' dir='ltr'><strong>ex</strong></span> <span class='ocrx_word' id='word_1_152' title='bbox 1312 2562 1395 2642; x_wconf 89' lang='lat' dir='ltr'><strong>ipsis</strong></span> 
     </span>
     <span class='ocr_line' id='line_1_21' title="bbox 382 2648 1447 2734; baseline -0.002 -21"><span class='ocrx_word' id='word_1_153' title='bbox 382 2650 576 2715; x_wconf 87' lang='lat' dir='ltr'><strong>caelestibus</strong></span> <span class='ocrx_word' id='word_1_154' title='bbox 606 2655 639 2715; x_wconf 91' lang='lat' dir='ltr'><strong>et</strong></span> <span class='ocrx_word' id='word_1_155' title='bbox 661 2649 865 2732; x_wconf 82' lang='lat' dir='ltr'><strong>sempiternis</strong></span> <span class='ocrx_word' id='word_1_156' title='bbox 889 2650 1020 2734; x_wconf 83' lang='lat' dir='ltr'><strong>ignibus</strong></span> <span class='ocrx_word' id='word_1_157' title='bbox 1044 2672 1104 2713; x_wconf 87' lang='lat' dir='ltr'><strong>nos</strong></span> <span class='ocrx_word' id='word_1_158' title='bbox 1128 2648 1206 2714; x_wconf 88' lang='lat' dir='ltr'><strong>dicit</strong></span> <span class='ocrx_word' id='word_1_159' title='bbox 1229 2648 1395 2714; x_wconf 84' lang='lat' dir='ltr'><strong>animatos</strong></span> <span class='ocrx_word' id='word_1_160' title='bbox 1413 2671 1447 2711; x_wconf 73' lang='lat' dir='ltr'><strong>so</strong></span> 
     </span>
     <span class='ocr_line' id='line_1_22' title="bbox 383 2739 1394 2823; baseline -0.001 -20"><span class='ocrx_word' id='word_1_161' title='bbox 383 2776 424 2785; x_wconf 96' lang='lat'><em>-</em></span> <span class='ocrx_word' id='word_1_162' title='bbox 454 2741 539 2823; x_wconf 80' lang='lat' dir='ltr'><strong>ignis</strong></span> <span class='ocrx_word' id='word_1_163' title='bbox 569 2741 653 2802; x_wconf 81' lang='lat' dir='ltr'><strong>eninr</strong></span> <span class='ocrx_word' id='word_1_164' title='bbox 682 2739 756 2802; x_wconf 85' lang='lat' dir='ltr'><strong>lieet</strong></span> <span class='ocrx_word' id='word_1_165' title='bbox 784 2739 926 2801; x_wconf 89' lang='lat' dir='ltr'><strong>diuinum</strong></span> <span class='ocrx_word' id='word_1_166' title='bbox 956 2743 1065 2802; x_wconf 81' lang='lat' dir='ltr'><strong>tumen</strong></span> <span class='ocrx_word' id='word_1_167' title='bbox 1093 2760 1208 2821; x_wconf 85' lang='lat' dir='ltr'><strong>corpus</strong></span> <span class='ocrx_word' id='word_1_168' title='bbox 1236 2741 1301 2820; x_wconf 86' lang='lat' dir='ltr'><strong>est,</strong></span> <span class='ocrx_word' id='word_1_169' title='bbox 1332 2760 1394 2802; x_wconf 88' lang='lat' dir='ltr'><strong>nec</strong></span> 
     </span>
     <span class='ocr_line' id='line_1_23' title="bbox 383 2827 1393 2911; baseline 0 -21"><span class='ocrx_word' id='word_1_170' title='bbox 383 2850 420 2891; x_wconf 82' lang='lat' dir='ltr'><strong>ex</strong></span> <span class='ocrx_word' id='word_1_171' title='bbox 449 2850 582 2911; x_wconf 90' lang='lat' dir='ltr'><strong>corpore</strong></span> <span class='ocrx_word' id='word_1_172' title='bbox 612 2828 759 2911; x_wconf 84' lang='lat' dir='ltr'><strong>quamuis</strong></span> <span class='ocrx_word' id='word_1_173' title='bbox 787 2827 896 2891; x_wconf 88' lang='lat' dir='ltr'><strong>diuino</strong></span> <span class='ocrx_word' id='word_1_174' title='bbox 921 2850 1089 2910; x_wconf 85' lang='lat' dir='ltr'><strong>possemus</strong></span> <span class='ocrx_word' id='word_1_175' title='bbox 1109 2827 1244 2890; x_wconf 84' lang='lat' dir='ltr'><strong>animari</strong></span> <span class='ocrx_word' id='word_1_176' title='bbox 1271 2862 1308 2871; x_wconf 82' lang='lat'><em>-</em></span> <span class='ocrx_word' id='word_1_177' title='bbox 1335 2828 1393 2890; x_wconf 87' lang='lat' dir='ltr'><strong>sed</strong></span> 
     </span>
     <span class='ocr_line' id='line_1_24' title="bbox 381 2914 1392 2998; baseline -0.001 -20"><span class='ocrx_word' id='word_1_178' title='bbox 381 2916 464 2979; x_wconf 89' lang='lat' dir='ltr'><strong>unde</strong></span> <span class='ocrx_word' id='word_1_179' title='bbox 485 2918 556 2998; x_wconf 86' lang='lat' dir='ltr'><strong>ipse</strong></span> <span class='ocrx_word' id='word_1_180' title='bbox 575 2917 632 2979; x_wconf 89' lang='lat' dir='ltr'><strong>illa</strong></span> <span class='ocrx_word' id='word_1_181' title='bbox 652 2938 795 2998; x_wconf 86' lang='lat' dir='ltr'><strong>corporo,</strong></span> <span class='ocrx_word' id='word_1_182' title='bbox 819 2938 900 2998; x_wconf 68' lang='lat' dir='ltr'><strong>(puae</strong></span> <span class='ocrx_word' id='word_1_183' title='bbox 920 2916 1029 2978; x_wconf 83' lang='lat' dir='ltr'><strong>diuina</strong></span> <span class='ocrx_word' id='word_1_184' title='bbox 1048 2922 1080 2978; x_wconf 90' lang='lat' dir='ltr'><strong>et</strong></span> <span class='ocrx_word' id='word_1_185' title='bbox 1094 2920 1170 2978; x_wconf 90' lang='lat' dir='ltr'><strong>sunt</strong></span> <span class='ocrx_word' id='word_1_186' title='bbox 1185 2921 1216 2977; x_wconf 88' lang='lat' dir='ltr'><strong>et</strong></span> <span class='ocrx_word' id='word_1_187' title='bbox 1232 2914 1392 2997; x_wconf 83' lang='lat' dir='ltr'><strong>uidentur,</strong></span> 
     </span>
     <span class='ocr_line' id='line_1_25' title="bbox 380 3003 1392 3084; baseline -0.003 -18"><span class='ocrx_word' id='word_1_188' title='bbox 380 3005 524 3068; x_wconf 89' lang='lat' dir='ltr'><strong>animata</strong></span> <span class='ocrx_word' id='word_1_189' title='bbox 552 3009 639 3084; x_wconf 89' lang='lat' dir='ltr'><strong>sunt,</strong></span> <span class='ocrx_word' id='word_1_190' title='bbox 668 3004 699 3065; x_wconf 92' lang='lat' dir='ltr'><strong>id</strong></span> <span class='ocrx_word' id='word_1_191' title='bbox 729 3011 777 3066; x_wconf 87' lang='lat' dir='ltr'><strong>est</strong></span> <span class='ocrx_word' id='word_1_192' title='bbox 806 3026 843 3066; x_wconf 82' lang='lat' dir='ltr'><strong>ex</strong></span> <span class='ocrx_word' id='word_1_193' title='bbox 874 3027 912 3066; x_wconf 86' lang='lat' dir='ltr'><strong>eu</strong></span> <span class='ocrx_word' id='word_1_194' title='bbox 936 3003 1116 3066; x_wconf 80' lang='lat' dir='ltr'><strong>mundanae</strong></span> <span class='ocrx_word' id='word_1_195' title='bbox 1140 3005 1265 3066; x_wconf 84' lang='lat' dir='ltr'><strong>enimse</strong></span> <span class='ocrx_word' id='word_1_196' title='bbox 1287 3010 1392 3084; x_wconf 87' lang='lat' dir='ltr'><strong>parte,</strong></span> 
     </span>
     <span class='ocr_line' id='line_1_26' title="bbox 330 3091 1439 3175; baseline -0.004 -22"><span class='ocrx_word' id='word_1_197' title='bbox 330 3092 474 3175; x_wconf 72' lang='lat' dir='ltr'><strong>ldqusui</strong></span> <span class='ocrx_word' id='word_1_198' title='bbox 500 3093 637 3155; x_wconf 81' lang='lat' dir='ltr'><strong>diximus</strong></span> <span class='ocrx_word' id='word_1_199' title='bbox 662 3091 699 3154; x_wconf 88' lang='lat' dir='ltr'><strong>de</strong></span> <span class='ocrx_word' id='word_1_200' title='bbox 724 3096 932 3175; x_wconf 85' lang='lat' dir='ltr'><strong>puramente</strong></span> <span class='ocrx_word' id='word_1_201' title='bbox 957 3095 1113 3155; x_wconf 81' lang='lat' dir='ltr'><strong>constare.</strong></span> <span class='ocrx_word' id='word_1_202' title='bbox 1156 3096 1189 3154; x_wconf 91' lang='lat' dir='ltr'><strong>et</strong></span> <span class='ocrx_word' id='word_1_203' title='bbox 1209 3091 1279 3154; x_wconf 88' lang='lat' dir='ltr'><strong>ideo</strong></span> <span class='ocrx_word' id='word_1_204' title='bbox 1300 3096 1390 3172; x_wconf 89' lang='lat' dir='ltr'><strong>post·</strong></span> <span class='ocrx_word' id='word_1_205' title='bbox 1406 3110 1439 3150; x_wconf 81' lang='lat' dir='ltr'><strong>ss</strong></span> 
     </span>
     <span class='ocr_line' id='line_1_27' title="bbox 379 3179 1390 3264; baseline -0.001 -20"><span class='ocrx_word' id='word_1_206' title='bbox 379 3203 476 3264; x_wconf 68' lang='lat' dir='ltr'><strong>(luam</strong></span> <span class='ocrx_word' id='word_1_207' title='bbox 515 3182 595 3244; x_wconf 83' lang='lat' dir='ltr'><strong>dixit</strong></span> <span class='ocrx_word' id='word_1_208' title='bbox 632 3181 767 3264; x_wconf 87' lang='lat' dir='ltr'><strong>bisque</strong></span> <span class='ocrx_word' id='word_1_209' title='bbox 806 3181 957 3244; x_wconf 85' lang='lat' dir='ltr'><strong>animus</strong></span> <span class='ocrx_word' id='word_1_210' title='bbox 995 3181 1107 3244; x_wconf 75' lang='lat' dir='ltr'><strong>&lt;lutus</strong></span> <span class='ocrx_word' id='word_1_211' title='bbox 1141 3187 1199 3244; x_wconf 88' lang='lat' dir='ltr'><strong>est</strong></span> <span class='ocrx_word' id='word_1_212' title='bbox 1230 3202 1272 3243; x_wconf 84' lang='lat' dir='ltr'><strong>ex</strong></span> <span class='ocrx_word' id='word_1_213' title='bbox 1305 3179 1390 3243; x_wconf 91' lang='lat' dir='ltr'><strong>illis</strong></span> 
     </span>
     <span class='ocr_line' id='line_1_28' title="bbox 381 3267 1390 3354; baseline -0.001 -20"><span class='ocrx_word' id='word_1_214' title='bbox 381 3271 629 3354; x_wconf 85' lang='lat' dir='ltr'><strong>sempiternis</strong></span> <span class='ocrx_word' id='word_1_215' title='bbox 668 3271 838 3353; x_wconf 77' lang='lat' dir='ltr'><strong>ignibus,</strong></span> <span class='ocrx_word' id='word_1_216' title='bbox 876 3291 972 3353; x_wconf 69' lang='lat' dir='ltr'><strong>(puae</strong></span> <span class='ocrx_word' id='word_1_217' title='bbox 1011 3270 1138 3333; x_wconf 83' lang='lat' dir='ltr'><strong>sideru</strong></span> <span class='ocrx_word' id='word_1_218' title='bbox 1177 3273 1214 3332; x_wconf 91' lang='lat' dir='ltr'><strong>et</strong></span> <span class='ocrx_word' id='word_1_219' title='bbox 1247 3267 1390 3333; x_wconf 86' lang='lat' dir='ltr'><strong>stellas</strong></span> 
     </span>
     <span class='ocr_line' id='line_1_29' title="bbox 378 3360 1390 3443; baseline -0.001 -21"><span class='ocrx_word' id='word_1_220' title='bbox 378 3361 544 3443; x_wconf 87' lang='lat' dir='ltr'><strong>uocatis,</strong></span> <span class='ocrx_word' id='word_1_221' title='bbox 565 3383 637 3423; x_wconf 84' lang='lat' dir='ltr'><strong>uros</strong></span> <span class='ocrx_word' id='word_1_222' title='bbox 659 3360 775 3424; x_wconf 78' lang='lat' dir='ltr'><strong>adiecit</strong></span> <span class='ocrx_word' id='word_1_223' title='bbox 794 3382 889 3443; x_wconf 83' lang='lat' dir='ltr'><strong>quae</strong></span> <span class='ocrx_word' id='word_1_224' title='bbox 909 3360 1055 3423; x_wconf 87' lang='lat' dir='ltr'><strong>diuinis</strong></span> <span class='ocrx_word' id='word_1_225' title='bbox 1074 3360 1265 3423; x_wconf 82' lang='lat' dir='ltr'><strong>animatae</strong></span> <span class='ocrx_word' id='word_1_226' title='bbox 1285 3379 1390 3422; x_wconf 87' lang='lat' dir='ltr'><strong>men·</strong></span> 
     </span>
     <span class='ocr_line' id='line_1_30' title="bbox 377 3449 1391 3533; baseline -0.003 -20"><span class='ocrx_word' id='word_1_227' title='bbox 377 3450 496 3529; x_wconf 90' lang='lat' dir='ltr'><strong>tibus,</strong></span> <span class='ocrx_word' id='word_1_228' title='bbox 535 3456 571 3514; x_wconf 92' lang='lat' dir='ltr'><strong>ut</strong></span> <span class='ocrx_word' id='word_1_229' title='bbox 608 3472 665 3532; x_wconf 84' lang='lat' dir='ltr'><strong>por</strong></span> <span class='ocrx_word' id='word_1_230' title='bbox 693 3451 905 3533; x_wconf 86' lang='lat' dir='ltr'><strong>sempiternos</strong></span> <span class='ocrx_word' id='word_1_231' title='bbox 938 3450 1029 3532; x_wconf 80' lang='lat' dir='ltr'><strong>ignes</strong></span> <span class='ocrx_word' id='word_1_232' title='bbox 1062 3471 1177 3532; x_wconf 83' lang='lat' dir='ltr'><strong>corpus</strong></span> <span class='ocrx_word' id='word_1_233' title='bbox 1211 3449 1391 3532; x_wconf 85' lang='lat' dir='ltr'><strong>stellarum,</strong></span> 
     </span>
     <span class='ocr_line' id='line_1_31' title="bbox 377 3536 1437 3620; baseline -0.005 -20"><span class='ocrx_word' id='word_1_234' title='bbox 377 3560 434 3620; x_wconf 90' lang='lat' dir='ltr'><strong>per</strong></span> <span class='ocrx_word' id='word_1_235' title='bbox 470 3540 596 3603; x_wconf 87' lang='lat' dir='ltr'><strong>diuinas</strong></span> <span class='ocrx_word' id='word_1_236' title='bbox 636 3560 710 3601; x_wconf 86' lang='lat' dir='ltr'><strong>uero</strong></span> <span class='ocrx_word' id='word_1_237' title='bbox 748 3545 872 3602; x_wconf 85' lang='lat' dir='ltr'><strong>montes</strong></span> <span class='ocrx_word' id='word_1_238' title='bbox 909 3560 1018 3601; x_wconf 82' lang='lat' dir='ltr'><strong>eurum</strong></span> <span class='ocrx_word' id='word_1_239' title='bbox 1057 3538 1180 3601; x_wconf 80' lang='lat' dir='ltr'><strong>animas</strong></span> <span class='ocrx_word' id='word_1_240' title='bbox 1213 3536 1437 3602; x_wconf 79' lang='lat' dir='ltr'><strong>manifestare</strong></span> 
     </span>
     <span class='ocr_line' id='line_1_32' title="bbox 377 3624 1390 3710; baseline -0.002 -20"><span class='ocrx_word' id='word_1_241' title='bbox 377 3627 571 3691; x_wconf 85' lang='lat' dir='ltr'><strong>discretione</strong></span> <span class='ocrx_word' id='word_1_242' title='bbox 606 3628 779 3710; x_wconf 76' lang='lat' dir='ltr'><strong>significet,</strong></span> <span class='ocrx_word' id='word_1_243' title='bbox 813 3636 845 3689; x_wconf 90' lang='lat' dir='ltr'><strong>et</strong></span> <span class='ocrx_word' id='word_1_244' title='bbox 878 3649 916 3690; x_wconf 83' lang='lat' dir='ltr'><strong>ex</strong></span> <span class='ocrx_word' id='word_1_245' title='bbox 949 3627 1015 3689; x_wconf 93' lang='lat' dir='ltr'><strong>illis</strong></span> <span class='ocrx_word' id='word_1_246' title='bbox 1048 3628 1080 3689; x_wconf 91' lang='lat' dir='ltr'><strong>in</strong></span> <span class='ocrx_word' id='word_1_247' title='bbox 1114 3631 1244 3690; x_wconf 86' lang='lat' dir='ltr'><strong>nostres</strong></span> <span class='ocrx_word' id='word_1_248' title='bbox 1276 3624 1390 3689; x_wconf 86' lang='lat' dir='ltr'><strong>uenire</strong></span> 
     </span>
     <span class='ocr_line' id='line_1_33' title="bbox 326 3713 1390 3796; baseline 0 -18"><span class='ocrx_word' id='word_1_249' title='bbox 326 3716 502 3779; x_wconf 87' lang='lat' dir='ltr'><strong>19animas</strong></span> <span class='ocrx_word' id='word_1_250' title='bbox 527 3717 591 3778; x_wconf 91' lang='lat' dir='ltr'><strong>uim</strong></span> <span class='ocrx_word' id='word_1_251' title='bbox 618 3716 734 3778; x_wconf 88' lang='lat' dir='ltr'><strong>mentis</strong></span> <span class='ocrx_word' id='word_1_252' title='bbox 759 3716 917 3779; x_wconf 87' lang='lat' dir='ltr'><strong>ostendet.</strong></span> <span class='ocrx_word' id='word_1_253' title='bbox 959 3737 1023 3778; x_wconf 89' lang='lat' dir='ltr'><strong>non</strong></span> <span class='ocrx_word' id='word_1_254' title='bbox 1047 3714 1087 3776; x_wconf 86' lang='lat' dir='ltr'><strong>sb</strong></span> <span class='ocrx_word' id='word_1_255' title='bbox 1111 3737 1145 3777; x_wconf 88' lang='lat' dir='ltr'><strong>re</strong></span> <span class='ocrx_word' id='word_1_256' title='bbox 1169 3720 1227 3796; x_wconf 86' lang='lat' dir='ltr'><strong>est,</strong></span> <span class='ocrx_word' id='word_1_257' title='bbox 1251 3718 1287 3778; x_wconf 85' lang='lat' dir='ltr'><strong>ut</strong></span> <span class='ocrx_word' id='word_1_258' title='bbox 1305 3713 1390 3778; x_wconf 86' lang='lat' dir='ltr'><strong>haec</strong></span> 
     </span>
     <span class='ocr_line' id='line_1_34' title="bbox 375 3802 1389 3886; baseline 0.002 -22"><span class='ocrx_word' id='word_1_259' title='bbox 375 3803 414 3865; x_wconf 78' lang='lat' dir='ltr'><strong>(le</strong></span> <span class='ocrx_word' id='word_1_260' title='bbox 442 3806 549 3866; x_wconf 87' lang='lat' dir='ltr'><strong>anima</strong></span> <span class='ocrx_word' id='word_1_261' title='bbox 578 3802 755 3885; x_wconf 86' lang='lat' dir='ltr'><strong>disputatio</strong></span> <span class='ocrx_word' id='word_1_262' title='bbox 784 3805 816 3866; x_wconf 91' lang='lat' dir='ltr'><strong>in</strong></span> <span class='ocrx_word' id='word_1_263' title='bbox 846 3804 908 3865; x_wconf 91' lang='lat' dir='ltr'><strong>fine</strong></span> <span class='ocrx_word' id='word_1_264' title='bbox 938 3803 1114 3866; x_wconf 87' lang='lat' dir='ltr'><strong>sententies</strong></span> <span class='ocrx_word' id='word_1_265' title='bbox 1139 3803 1295 3881; x_wconf 83' lang='lat' dir='ltr'><strong>omniurn,</strong></span> <span class='ocrx_word' id='word_1_266' title='bbox 1328 3804 1389 3886; x_wconf 91' lang='lat' dir='ltr'><strong>qui</strong></span> 
     </span>
    </p>
   </div>
   <div class='ocr_carea' id='block_1_3' title="bbox 373 4026 1392 4168">
    <p class='ocr_par' dir='ltr' id='par_1_3' title="bbox 373 4026 1392 4168">
     <span class='ocr_line' id='line_1_35' title="bbox 445 4026 1392 4098; baseline 0.003 -18"><span class='ocrx_word' id='word_1_267' title='bbox 445 4028 632 4095; x_wconf 78' lang='lat' dir='ltr'><strong>bsequuntur</strong></span> <span class='ocrx_word' id='word_1_268' title='bbox 650 4027 678 4079; x_wconf 90' lang='lat' dir='ltr'><em>P</em></span> <span class='ocrx_word' id='word_1_269' title='bbox 774 4034 790 4080; x_wconf 78' lang='grc'>9</span> <span class='ocrx_word' id='word_1_270' title='bbox 810 4029 982 4098; x_wconf 71' lang='lat' dir='ltr'><strong>denelrantra</strong></span> <span class='ocrx_word' id='word_1_271' title='bbox 1000 4026 1035 4081; x_wconf 92' lang='lat' dir='ltr'><strong>P&#39;</strong></span> <span class='ocrx_word' id='word_1_272' title='bbox 1142 4033 1173 4079; x_wconf 79' lang='grc'><strong>17</strong></span> <span class='ocrx_word' id='word_1_273' title='bbox 1193 4044 1338 4081; x_wconf 87' lang='lat' dir='ltr'><strong>commune</strong></span> <span class='ocrx_word' id='word_1_274' title='bbox 1360 4031 1392 4083; x_wconf 91' lang='lat' dir='ltr'><strong><em>P</em></strong></span> 
     </span>
     <span class='ocr_line' id='line_1_36' title="bbox 373 4097 1389 4168; baseline 0.002 -16"><span class='ocrx_word' id='word_1_275' title='bbox 373 4105 406 4152; x_wconf 80' lang='lat'><strong>21</strong></span> <span class='ocrx_word' id='word_1_276' title='bbox 431 4097 506 4168; x_wconf 78' lang='lat' dir='ltr'><strong>ignis</strong></span> <span class='ocrx_word' id='word_1_277' title='bbox 525 4114 599 4151; x_wconf 85' lang='lat' dir='ltr'><strong>enim</strong></span> <span class='ocrx_word' id='word_1_278' title='bbox 622 4099 654 4151; x_wconf 80' lang='lat' dir='ltr'><strong>in</strong></span> <span class='ocrx_word' id='word_1_279' title='bbox 676 4114 730 4152; x_wconf 84' lang='lat' dir='ltr'><strong>rus.</strong></span> <span class='ocrx_word' id='word_1_280' title='bbox 749 4100 780 4152; x_wconf 82' lang='lat' dir='ltr'><strong>in</strong></span> <span class='ocrx_word' id='word_1_281' title='bbox 800 4099 828 4151; x_wconf 90' lang='lat' dir='ltr'><em>P</em></span> <span class='ocrx_word' id='word_1_282' title='bbox 919 4104 952 4152; x_wconf 83' lang='grc'><strong>83</strong></span> <span class='ocrx_word' id='word_1_283' title='bbox 972 4100 1007 4151; x_wconf 86' lang='lat' dir='ltr'><strong>de</strong></span> <span class='ocrx_word' id='word_1_284' title='bbox 1026 4115 1121 4152; x_wconf 85' lang='lat' dir='ltr'><strong>anime</strong></span> <span class='ocrx_word' id='word_1_285' title='bbox 1141 4129 1172 4138; x_wconf 97' lang='lat'>—</span> <span class='ocrx_word' id='word_1_286' title='bbox 1193 4115 1317 4154; x_wconf 80' lang='lat' dir='ltr'><strong>omnium</strong></span> <span class='ocrx_word' id='word_1_287' title='bbox 1336 4117 1389 4166; x_wconf 80' lang='lat' dir='ltr'><strong>qus</strong></span> 
     </span>
    </p>
   </div>
   <div class='ocr_carea' id='block_1_4' title="bbox 373 4167 623 4237">
    <p class='ocr_par' dir='ltr' id='par_1_4' title="bbox 373 4167 623 4237">
     <span class='ocr_line' id='line_1_37' title="bbox 373 4167 623 4237; baseline -0.012 -14"><span class='ocrx_word' id='word_1_288' title='bbox 373 4167 623 4237; x_wconf 57' lang='lat' dir='ltr'><strong>mamm</strong></span> 
     </span>
    </p>
   </div>
   <div class='ocr_carea' id='block_1_5' title="bbox 0 0 1666 5190">
    <p class='ocr_par' dir='ltr' id='par_1_5' title="bbox 0 0 1666 5190">
     <span class='ocr_line' id='line_1_38' title="bbox 0 0 1666 5190; baseline 0 4"><span class='ocrx_word' id='word_1_289' title='bbox 0 0 1666 5190; x_wconf 95' lang='lat' dir='ltr'><strong> </strong></span> 
     </span>
    </p>
   </div>
  </div>
 </body>
</html>
