3442 5190
769 791 835 846 xxi
855 796 959 848 11-10
1257 806 1263 820 '
1311 793 1376 857 119

362 957 502 1041 tempus,
530 976 594 1041 quo
622 956 763 1041 angusta
790 953 846 1020 lux
875 956 939 1038 est,
967 976 1040 1020 cuin
1064 955 1155 1021 uelut
1176 955 1303 1022 abrasis
1327 955 1376 1022 iii-

363 1043 531 1110 crementis
560 1044 761 1130 angustaque
788 1046 939 1110 manente
967 1044 1114 1110 extantia
1140 1044 1180 1111 ad
1204 1045 1376 1112 minimum

363 1133 422 1199 diei
450 1134 499 1199 sol
527 1133 676 1218 peruenit
707 1131 864 1218 spatium,
896 1133 982 1219 quod
1015 1135 1141 1199 ueteres
1168 1134 1376 1220 appellauere

366 1221 508 1288 brumale
530 1222 719 1306 solstitium,
747 1222 897 1287 brumam
922 1244 942 1287 a
964 1222 1124 1287 breuitate
1152 1222 1276 1288 dierum
1299 1245 1375 1309 cog-

336 1311 565 1376 anominantee
587 1310 622 1375 id
645 1313 695 1376 eet
716 1313 824 1396 βραχὺ
846 1305 946 1396 ἦμαρ,
970 1332 1008 1375 ex
1032 1310 1150 1396 quibus
1168 1311 1303 1377 latebris
1323 1313 1374 1378 uel

362 1400 520 1483 angustiis
543 1419 654 1465 rursus
675 1419 842 1485 emergens
860 1399 901 1464 ad
921 1400 1081 1465 aestiuum
1099 1399 1374 1485 hemisphaerium

361 1490 525 1574 tamquam
558 1509 712 1554 enascens
746 1488 780 1553 in
814 1491 991 1573 augmenta
1017 1488 1208 1575 porrigitur,
1235 1492 1269 1555 et
1295 1491 1374 1556 tunc

361 1576 401 1642 ad
423 1598 560 1664 regnum
583 1599 677 1642 suum
698 1578 885 1662 peruenisse
913 1577 979 1642 iani
1006 1577 1108 1644 credit
1093 1581 1155 1643 1.ι11
1200 1581 1373 1665 propterea
1386 1582 1427 1648 16

360 1665 536 1768 Aegyptii·
534 1665 684 1730 animal
674 1687 708 1729 in
727 1666 860 1732 zodiaco
880 1688 1107 1732 consecranare
1122 1688 1162 1732 ea
1176 1668 1256 1732 caeli
1271 1671 1373 1752 parte,

311 1774 424 1839 ioqua
450 1753 592 1820 maxime
620 1776 729 1820 annuo
758 1776 852 1820 cursu
881 1755 931 1820 sol
959 1754 1067 1820 ualido
1098 1755 1232 1840 efferuet
1258 1757 1389 1841 calore,

359 1841 567 1927 Leonieque
594 1841 676 1909 inibi
705 1842 833 1928 signum
862 1843 1062 1910 domicilium
1090 1845 1168 1910 solis
1200 1845 1375 1929 appellant,

381 1932 434 1997 iiia
460 1930 493 1996 id
521 1932 643 1996 animal
675 1932 803 1998 uidetur
835 1953 875 1997 ex
902 1935 1021 1998 natura
1048 1933 1127 1998 solie
1157 1932 1317 1999 substant
1293 1936 1373 1999 tisin

359 1955 488 2106 ducere,
516 2020 656 2105 primum
685 2021 760 2107 quia
786 2022 911 2106 impetu
939 2024 973 2086 91
999 2022 1107 2086 calore
1133 2024 1281 2107 praestet
1306 2022 1372 2087 eiii·
1385 2023 1425 2088 ll

359 2110 467 2194 malie,
490 2111 538 2175 uti
560 2113 707 2193 praestat
730 2110 778 2175 eol
802 2111 917 2194 sidere,
938 2110 1129 2193 ualidaeque
1153 2113 1204 2174 est
1225 2110 1276 2176 leo
1299 2132 1372 2195 pec·

305 2215 345 2259 ie
358 2199 428 2263 tore
443 2202 477 2262 et
494 2198 601 2282 priore
615 2197 758 2281 corporis
773 2201 877 2301 parte,
893 2220 931 2263 ao
949 2197 1123 2283 degenerat
1136 2198 1372 2279 posterioribus

357 2285 521 2369 membris,
544 2306 645 2370 neque
664 2286 791 2351 solis
759 2307 810 2351 uie
829 2287 934 2370 prime
952 2288 1044 2389 parte
1063 2285 1127 2350 diei
1146 2285 1186 2349 ad
1205 2285 1372 2351 meridiem

358 2375 521 2459 increscit,
552 2375 604 2439 nel
632 2374 738 2459 prima
764 2379 857 2458 parto
886 2374 961 2439 11111
990 2396 1010 2438 (ι
1037 2395 1111 2438 uero
1139 2373 1174 2438 in
1204 2377 1372 2458 aestatem,

359 2487 433 2530 inox
457 2424 687 2550 olaiigueeocns
711 2452 839 2529 deducit
825 2468 877 2529 tur
899 2464 952 2529 uel
976 2463 1016 2528 ed
1040 2485 1198 2548 occasum,
1223 2487 1279 2549 qui
1270 2463 1372 2549 diei,

360 2554 410 2618 uel
430 2553 471 2618 ad
490 2553 640 2637 hiemem,
662 2575 744 2637 quoe
763 2553 838 2617 111111
857 2575 932 2637 pare
950 2553 1087 2636 uidetur,
1111 2573 1180 2617 esse
1199 2554 1372 2637 posterior.

313 2661 348 2706 eo
361 2641 509 2728 idemque
528 2644 630 2709 oculis
644 2642 880 2726 potentibust
846 2664 865 2706 a
881 2664 943 2728 quc
958 2642 1063 2727 igneis
1078 2640 1221 2707 cernitur
1234 2663 1373 2727 semper,

361 2736 398 2796 ut
425 2733 473 2797 sol
502 2732 627 2816 patenti
654 2732 814 2816 igneoque
842 2732 935 2796 oculo
958 2733 1080 2796 teriam
1103 2734 1278 2814 conspectu
1302 2753 1372 2816 per·

360 2823 457 2903 petuo
482 2823 579 2904 atque
602 2818 799 2904 infatigabili
823 2819 936 2885 cernit

448 2906 518 2972 Nec
541 2908 629 2973 solus
648 2906 714 2972 Leo
738 2908 794 2972 sed
818 2907 913 2993 signa
932 2927 1058 2992 quoque
1077 2907 1229 2972 uniuerso
1248 2907 1432 2972 1111111118Ἰ

361 2993 400 3059 ed
428 2999 582 3061 naturam
610 2996 688 3060 solis
715 2995 784 3060 iure
811 2995 1010 3077 referuntur,
1037 2996 1071 3059 91
1098 2999 1135 3059 ut
1164 2995 1205 3060 ab
1238 2995 1374 3061 Ariete

323 3084 525 3169 reincipiam,
548 3104 667 3170 inagna
690 3084 738 3149 illi
762 3085 931 3150 concordia
954 3086 1011 3150 est.
1053 3106 1129 3149 nani
1153 3085 1181 3149 is
1204 3106 1262 3170 per
1285 3106 1374 3150 men-

362 3195 412 3238 ses
435 3196 492 3239 sex
514 3173 667 3238 hibernos
689 3173 822 3238 sinistro
842 3174 975 3240 incubat
993 3174 1087 3238 191911
1107 3174 1148 3238 ab
1169 3173 1374 3258 aequinoctio

362 3284 460 3328 uerno
493 3283 590 3348 supra
623 3261 770 3328 dextrum
803 3262 891 3328 latus
924 3264 1009 3329 siout
1041 3265 1074 3327 91
1105 3263 1154 3328 sol
1187 3262 1228 3326 ab
1262 3262 1374 3328 eodeni

361 3354 506 3435 tempore
529 3351 679 3416 dextrum
702 3351 990 3435 hemisphaerium,
1018 3351 1142 3435 reliquo
1170 3351 1275 3415 ambit
1297 3351 1374 3416 sini·

363 3442 474 3504 atrum.
519 3439 591 3504 ideo
621 3442 655 3504 et
679 3439 886 3523 Ammonem,
914 3461 1008 3524 quern
1037 3440 1132 3504 deum
1160 3439 1263 3503 solem
1292 3439 1374 3505 occi·
1387 3439 1427 3502 19

326 3527 491 3594 sedentem
514 3527 633 3611 Libyes
662 3528 862 3612 existimant,
890 3529 1035 3594 arietinis
1064 3528 1215 3593 cornibus
1239 3528 1375 3613 lingunt,

362 3689 573 3697 ...--....-..-...-

434 3812 447 3861 1
468 3825 484 3862 1
503 3809 535 3863 in
553 3807 631 3861 lvx
618 3824 650 3863 aa
668 3823 724 3864 raa
744 3809 775 3863 ia
793 3807 822 3862 P
864 3806 1044 3863 incrementis
1059 3807 1232 3875 naturaeque
1250 3808 1374 3877 (natara-

363 3894 416 3946 que
434 3875 483 3947 P')
501 3879 632 3934 manente
653 3878 682 3933 P
738 3880 916 3934 tentantia
935 3880 963 3933 P
1021 3876 1216 3965 bapellauere
1236 3878 1264 3931 P
1315 3883 1375 3933 tet

361 3896 396 4003 18
417 3949 525 4021 hemilp
526 3966 614 4005 erinm
638 3949 665 4004 P
766 3957 780 4005 7
806 3949 948 4034 enollcens
972 3951 1084 4006 ataid.
1111 3945 1158 4016 P‘,
1186 3950 1374 4005 renascensb

364 4020 522 4078 11911111.
543 4020 580 4075 P'
647 4025 680 4077 15
699 4017 946 4105 posteriulibul'B'
1014 4025 1046 4075 le
1065 4022 1146 4091 parte
1165 4036 1216 4076 om.
1235 4019 1271 4076 P
1342 4025 1373 4074 ii

362 4108 426 4146 uere
445 4094 485 4148 Β.
504 4093 614 4149 uertere
635 4094 663 4148 P
731 4100 762 4150 is
781 4093 888 4150 adom.
907 4089 942 4146 B'
1012 4110 1060 4162 qui
1078 4109 1129 4150 om
1149 4091 1177 4147 Β
1249 4091 1375 4147 161191-

362 4163 413 4217 191
428 4166 455 4218 Β
509 4170 543 4220 30
561 4164 645 4221 libiel
659 4165 723 4220 BP
