3442 5190
725 778 779 835 VII
798 784 904 836 10-18
1279 779 1320 845 31

308 939 495 1007 Maoedonis
509 961 672 1007 oooasum:
685 945 866 1026 postquem
877 941 1049 1027 tyrannide
1059 941 1323 1009 Ptolomaeorum

307 1030 410 1116 pressi
433 1029 493 1096 hos
516 1051 644 1115 quoque
668 1030 746 1096 deos
768 1031 804 1095 in
827 1031 949 1096 oultum
969 1031 1112 1116 recipere
1131 1029 1322 1097 Alexandri·

306 1140 421 1184 norum
446 1139 547 1200 more,
575 1117 661 1204 apud
685 1140 767 1203 quoe
790 1120 963 1204 praecipue
986 1120 1190 1202 colebantur,
1218 1119 1322 1186 eoacti

306 1211 390 1274 suut
436 1207 484 1271 ita
510 1209 620 1272 tamen
648 1208 785 1293 imperio
808 1212 999 1294 paruerunt,
1027 1213 1066 1275 ut
1092 1231 1160 1274 non
1188 1208 1376 1278 omuin015

281 1296 473 1383 areligiouis
509 1317 587 1361 suae
623 1297 799 1363 obseruata
834 1298 1078 1365 contunderent.
1133 1320 1209 1363 nam
1245 1297 1321 1382 quia

306 1407 480 1470 numquam
508 1385 559 1451 fas
586 1385 650 1451 luit
671 1383 846 1473 Aegyptiis
874 1389 1049 1472 peoudibus
1080 1391 1138 1453 aut
1161 1386 1320 1473 sauguine

300 1475 360 1569 'sed
392 1474 541 1560 preoibus
574 1477 608 1540 et
639 1478 711 1541 ture
743 1477 813 1543 solo
846 1477 978 1561 placare
1010 1477 1100 1561 deos,
1132 1477 1184 1542 his
1211 1480 1321 1542 autem

306 1563 430 1631 duobus
450 1564 582 1629 aduenis
600 1565 728 1630 hostiae
747 1568 897 1631 oranter
915 1587 1004 1632 more
1023 1565 1225 1644 mactandae,
1243 1566 1320 1629 fana

305 1675 416 1719 eorum
439 1655 529 1718 extra
551 1654 731 1738 pomerium
755 1655 952 1734 locauerunt,
974 1658 1012 1720 ut
1034 1658 1068 1721 et
1089 1654 1147 1719 illa
1169 1653 1321 1719 saorifioii

269 1765 294 1806 ro
307 1742 472 1808 sollemnis
504 1743 568 1808 sibi
600 1765 713 1809 eruore
741 1744 938 1828 colerentur,
969 1764 1029 1809 neo
1057 1747 1167 1810 tamen
1194 1742 1322 1807 urbana

306 1833 427 1916 templa
458 1834 563 1897 morte
594 1833 754 1917 pecudum
785 1834 1022 1918 polluerentur:
1054 1834 1178 1899 nullum
1210 1833 1320 1918 itaque

307 1921 448 2007 Aegypti
476 1921 630 2005 oppidum
659 1923 747 1988 intra
774 1945 885 1990 muros
913 1946 989 1989 suos
1018 1927 1076 1988 aut
1104 1921 1235 1988 Saturni
1263 1924 1321 1986 aut

305 2007 434 2093 Serapis
461 2009 573 2075 fanum
601 2013 733 2096 recepit
777 2012 893 2079 horum
917 2013 1056 2079 alterum
1080 2013 1135 2077 uix
1159 2031 1319 2096 aegreque
1332 2015 1372 2080 16

307 2098 441 2163 anobis
464 2098 642 2164 admissum
666 2100 776 2184 audio,
800 2100 976 2167 Saturnum
999 2122 1077 2166 uero
1101 2099 1154 2164 uel
1177 2098 1318 2163 maximo

268 2207 292 2246 rs
306 2185 391 2249 inter
408 2188 533 2250 eeteros
553 2186 676 2251 honore
696 2187 878 2254 celebrat-is.
915 2189 943 2252 si
962 2209 1039 2272 ergo
1060 2186 1142 2250 nihil
1163 2183 1318 2268 estquod

306 2294 356 2338 me
382 2272 446 2337 hoo
473 2273 555 2338 seire
580 2275 767 2358 prohibeat,
794 2277 868 2340 uolo
892 2276 924 2338 in
948 2274 1089 2338 medium
1113 2269 1317 2356 proferatur?
1330 2279 1370 2343 17

305 2359 356 2424 hio
371 2359 515 2425 Auienus
534 2361 568 2425 iu
581 2360 827 2426 l'ruetoxtotum
846 2362 1103 2445 expeotatiouem
1118 2360 1318 2425 consulentis

307 2450 476 2514 remittens
500 2447 590 2515 ‘lieet
612 2449 737 2515 omues'
762 2451 808 2515 uit
831 2449 899 2537 ‘qui
923 2450 1053 2534 adsunt,
1076 2450 1149 2535 pari
1172 2448 1320 2515 doctrina

306 2538 460 2624 polleant,
482 2561 647 2605 sacrorum
671 2544 782 2607 tamen
805 2542 949 2607 omnium
970 2539 1102 2607 Vettius
1126 2539 1220 2605 uuioe
1244 2560 1319 2604 oon·

269 2629 391 2694 roseius
423 2631 535 2712 potest
565 2629 626 2694 tibi
657 2633 690 2695 et
722 2631 879 2718 originem
911 2631 1032 2715 cultus,
1063 2631 1118 2715 qui
1150 2629 1227 2694 huie
1259 2627 1319 2693 deo

307 2718 466 2804 penditur,
484 2721 518 2781 et
535 2739 665 2784 oausam
684 2719 759 2784 festi
779 2719 947 2785 sollemnis
966 2716 1112 2805 aperire?
1145 2717 1319 2803 quodcum

306 2807 530 2872 Praetextatus
559 2808 592 2870 in
616 2807 698 2872 alios
723 2807 893 2874 refundere
915 2811 1119 2892 temptasset,
1142 2828 1253 2872 omnes
1277 2807 1318 2871 ab

306 2917 343 2960 oo
380 2896 639 2979 impetrauerunt
669 2900 707 2960 ut
738 2897 809 2982 ipse
841 2897 1023 2963 dissereret.
1077 2900 1155 2961 tuno
1187 2896 1370 2965 silentiold

306 2985 392 3049 laeto
415 2983 463 3049 ita
485 3004 619 3049 exorsus
643 2988 693 3050 est

266 3094 291 3136 ra
391 3069 663 3138 ‘Saturnaliornm
696 3074 853 3159 originem
886 3075 977 3140 illam
1006 3073 1088 3139 milri
1115 3074 1148 3138 in
1178 3073 1318 3139 medium

303 3162 448 3246 prolerre
479 3161 529 3226 fas
563 3166 628 3246 est,
662 3185 728 3228 non
761 3186 844 3249 quae
877 3164 918 3228 ad
951 3185 1103 3228 arcanam
1136 3161 1318 3227 diuinitatis

303 3254 452 3315 naturam
474 3249 622 3334 refertur,
645 3251 701 3316 sed
725 3273 809 3334 quse
833 3255 890 3316 sut
912 3251 1069 3315 fabulosis
1093 3250 1240 3314 admixta
1257 3248 1319 3313 dis·

304 3339 422 3402 seritur
445 3341 502 3401 aut
524 3359 543 3401 u
565 3338 710 3422 physicis
733 3339 766 3402 iu
790 3338 908 3423 uulgus
929 3338 1082 3422 aperitur.
1119 3358 1196 3401 num
1216 3336 1320 3401 ooeul·

304 3429 354 3490 tas
387 3428 421 3490 et
450 3431 620 3490 manantes
652 3447 691 3490 ex
722 3427 804 3490 meri
830 3426 899 3490 ueri
926 3426 1017 3491 sonte
1044 3425 1188 3491 rationes
1215 3446 1257 3488 ue
1283 3424 1319 3487 in

266 3513 383 3598 seipsis
415 3512 543 3598 quidem
575 3514 676 3580 saeris
707 3515 854 3580 enarrari
883 3513 1097 3599 permittitur,
1129 3511 1184 3577 sed
1216 3511 1319 3596 siquis

304 3602 377 3667 illas
410 3602 611 3688 adsequitur,
643 3603 807 3670 continere
839 3604 927 3669 intra
953 3602 1187 3669 eonscientiam
1213 3604 1318 3666 tentas

375 3776 545 3832 ltrraumde
559 3777 587 3831 P
640 3776 818 3847 ptolomeorr'r
832 3777 895 3833 BP
947 3782 1107 3848 trecepere
1121 3775 1156 3831 Ρ
1212 3781 1317 3850 tqgrp·

303 3847 352 3905 tul
366 3848 394 3903 P
468 3847 561 3903 trllri
575 3848 722 3904 laonfrous
737 3856 768 3907 ut
786 3850 844 3907 uid.
864 3846 900 3904 B
975 3853 1009 3903 10
1027 3846 1159 3904 solemnii
1174 3844 1210 3902 B
1286 3853 1318 3901 12

304 3920 391 3994 qgrptr
411 3919 440 3974 P
502 3924 534 3974 13
553 3919 660 3992 syropus
674 3920 710 3976 B
770 3924 878 3992 receprt
895 3920 969 3978 BP:
988 3921 1091 4044 reorprt
1108 3918 1147 3974 1²¹
1208 3924 1240 3973 19
1260 3935 1319 3974 om·

304 4007 380 4046 mum
398 3993 459 4060 (om.
480 3989 519 4060 P)
582 3998 618 4047 20
635 3991 688 4047 trbr
707 4009 757 4049 om.
777 3993 806 4048 B
869 3998 903 4048 21
924 3991 1041 4062 solldpm
1072 3991 1101 4045 P
1151 3996 1184 4045 2³
1205 3988 1320 4044 drfferet

305 4079 339 4134 n
394 4085 429 4135 aa
447 4061 550 4134 artano
570 4080 605 4149 P,
624 4080 746 4136 eruens
765 4080 794 4135 a
852 4086 886 4136 ar
906 4079 1074 4138 rausum
1089 4080 1157 4150 (sors
1175 4077 1319 4147 raauonq

305 4151 333 4205 B
385 4157 420 4206 28
437 4150 552 4222 phrl'rorl
566 4151 629 4206 BP
679 4159 714 4208 80
733 4168 864 4208 enarrare
884 4151 920 4207 P'
976 4157 1009 4207 81
1030 4150 1183 4221 aueqmtur
1201 4149 1248 4204 tP
