3322 5190
687 810 754 868 XIII
767 818 856 870 ’1-11
1211 812 1278 880 537

265 972 457 1039 uoluntariis
484 974 648 1040 mortibus
675 974 840 1061 significat
864 995 936 1040 esse
958 973 1168 1060 laudabilem,
1196 998 1279 1062 queo

265 1065 481 1146 comparatur,
494 1065 533 1128 ut
545 1061 696 1148 diximus,
713 1062 941 1149 philosophiae
954 1063 1091 1148 ratione,
1103 1085 1170 1130 non
1184 1064 1279 1151 ferro,

264 1150 446 1237 prudentia,
467 1173 532 1217 nou
555 1173 689 1217 ueneno.
726 1151 818 1216 addit
840 1152 949 1233 etiam,
971 1151 1063 1217 illanr
1081 1153 1188 1219 solam
1207 1153 1330 1223 888811

265 1241 448 1306 naturalem
479 1243 632 1326 mortem,
659 1239 716 1305 ubi
742 1262 862 1327 eorpus
890 1239 1047 1326 animam,
1074 1262 1141 1307 non
1170 1242 1279 1309 anima

238 1347 381 1414 8888888
418 1328 582 1415 relinquit
635 1332 767 1396 constat
798 1330 883 1395 enim
915 1351 1122 1396 numerorum
1155 1334 1279 1398 certam

265 1418 543 1504 constitutamque
575 1419 737 1485 rationem
769 1422 895 1486 animas
928 1419 1052 1486 sociare
1079 1420 1278 1506 corporibus.

265 1507 300 1573 hi
323 1508 449 1573 numeri
472 1508 550 1573 dnm
574 1511 757 1594 supersunt,
779 1511 1104 1594 8888888881888888
1128 1509 1279 1575 animari:
1341 1553 1344 1559 -

265 1618 340 1664 curn
363 1618 440 1662 uero
464 1596 630 1684 deficiunt,
655 1619 732 1663 mox
751 1619 870 1663 arcana
892 1598 949 1663 illa
970 1599 1022 1663 uis
1045 1598 1192 1684 soluitur,
1214 1622 1279 1686 qua

266 1686 405 1751 societas
434 1687 506 1771 ipsa
534 1686 722 1769 constabat,
755 1689 789 1751 81
815 1687 877 1753 hoc
904 1690 968 1772 881,
1000 1686 1085 1773 quod
1113 1686 1217 1752 fatum
1246 1691 1280 1753 et

228 1795 254 1836 ro
266 1775 382 1840 fatalia
404 1775 495 1841 uitae
518 1778 667 1862 tempora
689 1798 851 1842 uocarnus.
892 1775 1003 1842 anima
1025 1797 1102 1862 ergo
1121 1778 1195 1862 1888
1212 1780 1332 1845 888812

267 1865 382 1951 deficit,
404 1864 525 1951 quippe
544 1888 626 1951 quae
648 1866 832 1932 inmortalis
852 1868 948 1949 atque
966 1869 1123 1951 perpetua
1142 1869 1201 1950 881,
1224 1867 1280 1932 881

267 1954 399 2039 18818118
426 1956 571 2019 numeris
599 1976 715 2038 corpus
743 1954 880 2018 fatiscit:
912 1974 972 2019 nec
1002 1954 1112 2018 anima
1139 1953 1281 2019 lassatur

267 2040 451 2126 animando,
474 2041 530 2107 881
554 2042 697 2107 officium
721 2064 815 2106 suum
834 2041 953 2106 deserit
970 2063 1097 2126 888888,
1121 2043 1281 2107 88881888

267 2150 332 2193 non
364 2131 471 2213 possit
497 2130 643 2193 animari.
694 2128 770 2193 hinc
797 2128 878 2192 illud
907 2131 958 2193 881
985 2128 1167 2194 doctissimi
1194 2129 1280 2194 uatis

228 2269 254 2312 1⁵
428 2250 563 2335 explebo
587 2272 756 2315 numerum
779 2249 958 2334 reddarque
981 2251 1132 2316 tenebris.

268 2375 349 2439 haec
377 2377 427 2440 881
453 2375 553 2460 igitur
580 2375 740 2441 881888118
764 2397 841 2441 8888
864 2396 965 2458 mors,
993 2396 1066 2439 cum
1089 2375 1187 2441 finem
1210 2377 1333 2444 cor-13

269 2465 357 2550 poris
381 2463 470 2528 88188
489 2486 696 2529 numerorum
716 2486 847 2529 suorum
867 2463 1010 2529 defectus
1029 2464 1191 2549 adportat,
1214 2487 1281 2530 non

270 2576 342 2619 cum
371 2556 580 2638 extorquetur
611 2554 681 2619 8118
708 2553 836 2639 corpori
864 2551 969 2618 adhue
996 2553 1112 2619 idoneo
1140 2552 1180 2618 ad
1208 2575 1280 2620 con-

270 2643 483 2708 tinuationem
516 2641 648 2708 ferendi.
694 2665 753 2709 888
780 2642 863 2708 18818
891 2644 942 2707 881
968 2641 1150 2707 differentia
1176 2643 1281 2709 uitam

231 2733 322 2798 rouel
353 2734 469 2797 881888
495 2732 547 2796 881
575 2734 689 2817 888818
716 2731 873 2798 88188811.
918 2731 1026 2796 anima
1053 2732 1237 2798 enimcum
1261 2735 1335 2800 814

271 2843 406 2905 8888888
425 2819 591 2904 188881188,
609 2822 717 2906 881881
731 2821 765 2885 18
779 2842 814 2885 88
832 2818 912 2886 nihil
928 2821 1067 2885 88118888
1081 2842 1280 2908 corporeum,

272 2909 300 2973 si
324 2931 358 2974 88
381 2930 469 2992 8888,
492 2930 564 2974 cum
588 2909 622 2974 iu
645 2910 795 2974 18888118
813 2912 908 2985 88881,
931 2907 1087 2974 instituit:
1110 2930 1184 2975 cum
1203 2931 1281 2976 8888

271 2997 343 3082 1888
371 2998 411 3062 18
434 3020 569 3081 8888888
592 2998 751 3063 uiolenter
774 2997 966 3076 extruditur,
994 2998 1071 3083 quia
1094 2998 1162 3063 exit
1184 3001 1281 3082 rupto

271 3087 416 3170 uinculo,
452 3109 518 3152 non
546 3088 667 3170 soluto,
702 3087 740 3151 111
777 3087 806 3152 81
843 3088 916 3172 1888
947 3086 1124 3152 8888881188
1153 3087 1281 3154 occasio

231 3191 257 3235 88
272 3175 447 3259 888818818,
475 3178 508 3240 81
534 3177 643 3261 malis,
670 3176 833 3241 uinculum
862 3176 937 3241 dum
966 3175 1103 3261 rumpit,
1129 3175 1282 3241 inficitur.

271 3264 355 3329 hanc
378 3285 504 3350 quoque
528 3265 748 3350 superioribus
772 3264 871 3330 adicit
892 3263 1050 3329 rationem
1077 3266 1336 3347 888888818Ῑό

271 3352 435 3437 pereundi.
471 3374 546 3418 cum
565 3356 702 3432 constet,
722 3353 837 3438 inquit,
855 3353 1148 3417 remunerationem
1167 3353 1283 3418 8818818

272 3440 339 3506 11118
362 3462 433 3506 8888
457 3441 662 3507 tribuendam
685 3464 743 3527 pro
769 3441 864 3507 modo
883 3441 1102 3526 perfeetionis,
1127 3439 1283 3527 adquam

271 3529 308 3593 in
334 3528 396 3595 hae
424 3529 495 3595 uita
517 3553 583 3596 888
606 3552 751 3617 quaeque
774 3530 935 3616 peruenit,
961 3551 1029 3595 non
1052 3529 1285 3616 88188888181-

231 3618 390 3685 aotandus
417 3620 505 3685 uitae
533 3620 620 3702 finis,
647 3642 718 3686 eum
749 3620 853 3686 adhuc
876 3618 1062 3704 proficiendi
1087 3640 1157 3684 8888
1179 3619 1285 3706 888811

272 3708 421 3772 accessio.
457 3730 516 3774 nee
538 3707 660 3773 frustra
682 3708 745 3775 hoc
768 3708 889 3774 dictum
911 3711 970 3773 881.
1007 3728 1085 3772 nam
1103 3708 1137 3771 in
1156 3709 1338 3778 8888818111

345 3879 567 3949 8811888188.
588 3879 625 3934 v1
647 3884 698 3935 88

345 4042 378 4092 11
397 4038 523 4109 impletus
538 4038 566 4093 P
645 4043 677 4093 11
696 4036 858 4093 ammamdo
876 4041 909 4093 ut
926 4037 985 4092 aid.
1004 4033 1044 4090 P'
1127 4037 1229 4092 111888
1248 4034 1285 4093 Ρ’

272 4116 307 4164 22
330 4127 360 4165 88
382 4111 414 4164 in
435 4126 490 4165 rua
515 4111 546 4165 18
569 4110 597 4165 Ρ
719 4111 835 4165 1118818
856 4110 888 4164 tn
910 4107 1068 4163 extruditur·
1085 4110 1117 4164 18
1134 4124 1189 4164 888.
1208 4110 1241 4164 in
1260 4107 1289 4162 P

273 4186 309 4237 24
327 4180 490 4238 88888181Ρ
540 4186 574 4235 27
593 4181 692 4250 lnquld
710 4179 745 4236 Ρ
