3322 5190
308 822 352 886 66
706 819 782 874 ΒΔΤ.
802 819 900 874 LlBltl
919 818 931 872 l

309 986 473 1047 trecentos
492 981 731 1064 quinquaginta
748 983 902 1063 quattuor
920 978 997 1062 dies,
1016 980 1134 1064 quibus
1152 979 1322 1044 duodecim

279 1070 406 1133 2lunae
430 1088 544 1132 cursus
568 1067 684 1131 confici
707 1064 849 1148 credidit,
872 1087 975 1130 annus
998 1066 1232 1130 extenderetur.
1276 1072 1325 1130 at·

310 1177 372 1240 que
395 1155 447 1218 his
471 1155 708 1238 quinquaginta
731 1152 844 1216 diebus
869 1175 888 1216 a
911 1173 947 1216 se
968 1152 1086 1217 additis
1106 1153 1224 1217 adiecit
1241 1152 1325 1217 alios

310 1263 375 1325 sex,
398 1244 556 1306 retractos
574 1241 642 1306 illis
660 1264 716 1306 sex
734 1239 907 1323 mensibus,
930 1241 985 1322 qui
1004 1240 1140 1323 triginta
1159 1240 1325 1304 habebant

310 1330 394 1413 dies,
420 1329 452 1393 id
481 1332 531 1393 est
557 1328 596 1392 de
623 1327 763 1414 singulis
786 1327 948 1413 singulos,
975 1328 1141 1412 factosque
1165 1328 1323 1414 quinque·
1351 1352 1365 1392 s

310 1418 404 1504 ginta
431 1422 465 1481 et
491 1439 547 1482 sex
575 1416 643 1480 dies
667 1418 701 1480 in
724 1416 805 1481 duos
828 1438 931 1480 nouos
954 1438 1081 1481 menses
1104 1417 1175 1501 peri
1198 1415 1325 1481 ratione

278 1506 432 1583 3diuisit,
451 1527 489 1570 ac
508 1504 547 1568 de
566 1504 692 1569 dnobus
710 1505 850 1588 priorem
869 1503 1091 1568 Ianuarium
1112 1505 1325 1588 nuncupauit,

309 1593 515 1680 primumque
547 1593 625 1656 enni
657 1613 727 1658 esse
756 1591 873 1676 uoluit,
905 1598 1071 1677 tamqnam
1100 1593 1244 1678 bicipitis
1272 1592 1325 1656 dei

309 1704 452 1749 mensem
476 1682 701 1767 respicientem
725 1703 763 1747 ac
786 1681 1038 1767 prospicientem
1062 1682 1220 1747 transacti
1244 1683 1323 1747 enni

309 1774 408 1839 finem
436 1771 600 1856 futurique
623 1771 797 1857 principie,
824 1770 1000 1838 secundum
1023 1770 1146 1837 dicauit
1172 1770 1323 1837 Februo
1340 1796 1366 1836 ro

310 1861 380 1946 deo,
403 1860 457 1947 qni
481 1860 711 1926 lustrationum
733 1867 848 1944 potens
872 1859 1023 1927 creditur.
1059 1861 1190 1925 lustrari
1213 1865 1324 1925 autem

279 1952 350 2016 400
374 1971 485 2015 mense
507 1950 674 2014 ciuitatem
698 1970 829 2015 necesse
852 1955 930 2032 erat,
953 1971 1016 2034 quo
1041 1950 1157 2014 statuit
1178 1954 1215 2014 ut
1236 1950 1325 2015 iuste

309 2038 359 2104 dis
373 2037 526 2104 Manibus
546 2038 757 2104 soluerentur.
788 2035 915 2103 Numae
934 2038 1173 2104 ordinationem
1191 2037 1324 2103 finitimi

309 2150 384 2193 mox
412 2128 515 2193 secuti
542 2126 678 2192 totidem
706 2127 818 2194 diebus
848 2127 1047 2212 totidemque
1073 2127 1255 2214 mensibus,
1288 2132 1325 2192 ut

307 2216 469 2302 Pompilio
497 2216 633 2302 placuit,
661 2238 781 2281 annum
808 2239 901 2281 sunm
925 2223 1114 2301 computare
1137 2222 1324 2303 coeperunt,
1338 2240 1365 2280 re

308 2307 364 2371 sed
390 2307 451 2371 lroc
474 2306 545 2370 solo
569 2304 806 2388 discrepabant,
829 2305 914 2390 quod
933 2326 1059 2369 menses
1078 2305 1324 2371 undetricenum

277 2394 531 2477 btricenumque
553 2414 688 2457 nurnero
712 2394 964 2457 alternanerunt.
1000 2394 1097 2476 paulo
1121 2398 1196 2476 post
1214 2392 1325 2460 Numa

307 2482 342 2546 in
374 2483 531 2546 honorem
563 2479 696 2563 imparis
727 2481 868 2563 numeri,
901 2485 1059 2545 secretum
1091 2479 1153 2545 boc
1186 2483 1220 2544 et
1247 2485 1325 2545 ante

307 2569 530 2653 Pythagoram
557 2568 759 2649 parturiente
786 2571 916 2652 natura,
948 2589 1048 2633 unum
1077 2568 1196 2634 adiecit
1228 2568 1324 2652 diem,

308 2678 404 2740 quem
427 2655 579 2719 Ianuario
607 2654 708 2734 dedit,
735 2657 772 2717 ut
797 2658 863 2718 tum
887 2655 922 2718 in
945 2677 1031 2719 anno
1055 2677 1152 2739 quam
1175 2657 1209 2719 in
1233 2677 1323 2720 men·
1337 2680 1364 2719 ro

308 2744 399 2808 sibus
423 2741 560 2826 singulis
584 2745 713 2823 praeter
734 2762 833 2804 unum
852 2739 1063 2807 Februarium
1086 2743 1192 2827 impar
1210 2765 1323 2809 nume·

307 2853 362 2895 rus
386 2834 577 2895 seruaretur.
614 2850 690 2891 nam
713 2828 789 2910 quia
808 2828 974 2893 duodecim
993 2852 1131 2915 menses,
1154 2831 1181 2896 si
1201 2832 1324 2916 singuli

307 2924 365 2983 aut
387 2919 458 3003 pari
482 2921 539 2982 eut
557 2915 676 2999 imperi
694 2937 826 2980 numero
845 2921 1046 3002 putarentur,
1069 2921 1323 2985 consummatio·

307 3028 382 3070 nem
406 3026 517 3089 parem
541 3004 692 3087 facerent,
714 3025 797 3068 unns
820 3006 892 3087 pari
910 3027 1042 3070 numero
1061 3007 1231 3071 institutus
1251 3009 1322 3072 uni-

277 3093 435 3157 6uersam
467 3091 669 3174 putationem
701 3091 856 3173 imparem
887 3091 972 3156 fecit.
1023 3093 1191 3157 Ianuarius
1219 3094 1321 3177 igitur
1336 3117 1362 3158 25

291 3179 432 3261 Aprilis
451 3178 564 3242 Iunius
584 3176 714 3242 Sextilis
730 3176 918 3261 September
937 3176 1122 3244 Nouember
1141 3180 1322 3246 December

309 3266 525 3331 undetricenis
548 3265 761 3330 censebantur
789 3265 914 3351 diebus,
942 3274 975 3332 et
1002 3270 1175 3352 quintanas
1206 3267 1321 3334 Nonas

307 3356 484 3438 habebunt,
517 3375 555 3417 ac
587 3357 662 3436 post
684 3352 760 3417 Idus
792 3354 824 3417 in
858 3356 1005 3420 omnibus
1035 3381 1061 3421 a.
1086 3358 1114 3422 d.
1144 3358 1320 3441 septimum

277 3444 465 3510 ‘ldeeimnm
485 3443 649 3508 Kalendas
668 3442 921 3526 computabatur.
959 3445 1095 3512 Martius
1114 3468 1191 3511 nero
1212 3446 1320 3512 Maius

307 3533 461 3610 Quintilis
480 3537 513 3597 et
532 3530 671 3596 October
689 3531 758 3596 dies
778 3532 917 3597 tricenos
936 3533 1083 3617 singulos
1097 3534 1319 3618 possidebant.
1333 3559 1360 3600 ao

306 3619 420 3687 Nonee
443 3623 477 3687 in
500 3620 551 3685 his
573 3621 772 3705 septimanae
792 3625 892 3705 erant,
915 3621 1128 3707 similiterque
1146 3629 1222 3708 post
1240 3623 1319 3690 Idus

425 3845 451 3875 01

379 3895 391 3940 l
412 3885 465 3938 llll
483 3887 515 3941 tn
533 3901 588 3940 ras.
608 3886 639 3940 in
658 3884 686 3937 P
733 3888 797 3953 post
816 3886 1020 3952 qmnquagrnta
1037 3887 1102 3941 add.
1118 3887 1140 3938 le
1154 3886 1182 3939 B
1236 3891 1320 3956 guat-

304 3960 418 4012 tuerat
436 3958 495 4012 uid.
513 3953 550 4009 B'
609 3954 768 4009 thabeant
785 3950 819 4008 Β
880 3955 1006 4009 electos
1021 3973 1088 4023 qum
1106 3955 1153 4025 P',
1172 3958 1319 4027 luctusque

303 4023 339 4081 K
400 4034 467 4082 tor
484 4029 516 4081 in
534 4042 655 4094 priorem
673 4027 706 4079 in
722 4042 777 4083 ree.
797 4027 829 4080 in
847 4025 875 4078 P
931 4032 964 4080 10
982 4025 1070 4081 lutnn
1091 4028 1119 4080 P
1177 4046 1316 4099 prmcrpio

304 4098 339 4152 B'
433 4102 466 4152 ll
484 4095 623 4151 menlrbnl‘
636 4112 687 4152 em.
706 4094 743 4149 P'
835 4100 868 4150 16
887 4096 1098 4152 undetrrcenum
1118 4099 1176 4155 bP:
1195 4100 1270 4153 unde
1289 4100 1318 4155 B

304 4174 338 4224 21
358 4167 519 4224 febroarum
536 4165 606 4222 B'P
657 4171 691 4222 28
710 4182 737 4221 a.
757 4166 797 4237 d.]
816 4166 928 4221 adBP
