3322 5190
728 921 755 976 V
776 925 880 979 re-ss
1249 921 1315 988 603

296 1104 408 1149 uersus
443 1083 693 1172 septentrionali
725 1087 789 1167 est,
826 1087 860 1150 et
891 1082 978 1149 hunc
1009 1080 1208 1148 meridiem
1243 1082 1313 1149 inre

295 1171 432 1237 uocitati
456 1173 537 1240 facit
564 1174 668 1257 locus,
691 1172 730 1238 de
757 1194 821 1257 quo
850 1171 966 1256 incipit
992 1170 1103 1254 nobis,
1130 1192 1208 1236 nam
1236 1170 1315 1257 quia
1353 1222 1355 1227 .

296 1260 409 1325 sentiri
436 1260 551 1346 incipit
578 1284 598 1326 a
621 1261 728 1326 medio
751 1264 872 1340 terrae,
900 1261 935 1324 in
963 1281 1028 1345 qua
1050 1262 1102 1325 est
1133 1279 1211 1324 usus
1240 1258 1313 1343 diei,

297 1347 369 1414 ideo
396 1351 562 1435 tamquam
592 1349 721 1435 quidam
745 1347 933 1415 medidies
960 1370 1026 1413 una
1052 1351 1180 1412 mutata
1202 1346 1313 1412 littera

267 1437 476 1504 ameridies
498 1442 704 1524 nuncupatus
728 1440 788 1503 est.
826 1436 993 1504 sciendum
1016 1439 1068 1502 est
1085 1440 1203 1520 autem,
1225 1436 1366 1522 quod20

294 1531 427 1613 uentus,
454 1530 510 1615 qui
539 1551 597 1616 per
619 1528 706 1595 hunc
736 1527 778 1593 ad
804 1551 865 1594 nos
893 1526 1059 1593 cardinem
1088 1524 1252 1612 peruenit,
1280 1524 1313 1592 id
1405 1576 1408 1582 -

294 1621 345 1682 est
364 1622 482 1703 auster,
505 1619 553 1686 ita
572 1620 606 1686 in
629 1618 755 1707 origine
774 1639 834 1684 sua
852 1616 980 1704 gelidus
1004 1618 1064 1702 est,
1086 1618 1124 1682 ut
1146 1613 1232 1700 apud
1250 1636 1311 1682 nos

294 1707 562 1774 commendabilis
590 1711 643 1774 est
664 1707 784 1774 blando
806 1708 916 1794 rigore
940 1705 1134 1792 septentrio,
1157 1705 1212 1771 sed
1237 1703 1314 1791 quia

294 1818 351 1880 per
366 1797 529 1863 flammam
550 1798 693 1864 torridae
707 1818 807 1863 zonae
826 1795 867 1862 ad
881 1818 942 1861 nos
959 1797 1129 1882 commeat,
1148 1793 1312 1860 admixtus

255 1902 281 1941 ιο
294 1886 361 1971 igni
390 1887 524 1953 calescit
552 1892 586 1952 at
609 1887 664 1973 qui
687 1886 803 1972 incipit
825 1885 978 1972 frigidus,
1006 1884 1130 1951 calidus
1154 1884 1312 1969 peruenit

292 1995 396 2057 neque
429 1975 516 2041 enim
548 1976 601 2041 uel
636 1976 722 2043 ratio
750 1973 804 2040 nel
830 1978 949 2040 natura
984 1977 1163 2059 pateretur,
1199 1975 1238 2038 ut
1269 1994 1309 2038 ex
1320 1973 1361 2055 21

294 2060 420 2126 duobus
443 2084 547 2147 aequo
571 2063 691 2148 pressis
715 2063 823 2148 rigore
847 2061 1032 2127 cardinibus
1051 2054 1203 2125 dissimili
1221 2064 1312 2127 tactu

293 2148 389 2213 flatus
413 2150 648 2215 emitterentur.
693 2172 752 2215 nec
775 2149 908 2214 dubium
928 2152 988 2232 est,
1009 2153 1159 2214 nostrum
1184 2168 1312 2233 quoque

294 2236 552 2319 septentrionem
577 2236 617 2301 ad
640 2235 731 2319 illos,
758 2236 815 2321 qui
838 2236 975 2300 australi
1003 2235 1156 2300 adiacent
1177 2238 1313 2320 propter

254 2338 280 2380 ιο
294 2323 428 2388 eandem
457 2322 616 2390 rationem
640 2323 781 2389 calidum
804 2321 988 2409 peruenire,
1016 2324 1049 2387 et
1071 2325 1217 2387 austrum
1241 2342 1310 2387 cor-

293 2411 427 2495 poribus
459 2433 571 2478 eornm
603 2411 746 2499 genuino
779 2433 877 2476 aurae
909 2432 987 2476 suae
1018 2410 1128 2496 rigore
1158 2409 1311 2476 blandiri.

294 2500 407 2566 eadem
439 2499 523 2568 ratio
556 2524 615 2568 nos
643 2523 708 2567 non
741 2499 903 2587 permittit
936 2498 1114 2586 ambigere,
1142 2499 1220 2586 quin
1251 2500 1363 2586 pontt

294 2589 383 2655 illam
408 2612 536 2676 quoque
555 2591 756 2676 superficiem
779 2593 895 2674 terrae,
917 2610 1000 2675 quae
1023 2587 1063 2654 ad
1086 2610 1146 2655 nos
1170 2587 1311 2655 habetur

294 2678 431 2745 inferior
450 2680 575 2767 integer
594 2702 748 2747 conatum
767 2679 921 2763 ambitus,
940 2700 1022 2764 quae
1041 2676 1094 2743 bic
1109 2680 1311 2764 temperatae

255 2784 283 2825 2⁰
297 2774 386 2851 suut,
413 2769 527 2836 eodem
554 2770 652 2836 ductu
680 2773 879 2856 temperatus
912 2768 1086 2854 habeatur,
1112 2772 1210 2852 atque
1237 2768 1309 2835 ideo

296 2858 361 2923 illic
381 2879 508 2944 quoque
527 2859 657 2924 eaedem
673 2859 755 2925 dnae
773 2878 872 2924 conae
891 2881 910 2925 a
929 2878 964 2923 se
983 2857 1142 2923 distantes
1161 2856 1310 2923 similiter

294 2945 485 3013 incolantur.
536 2950 594 3013 ant
634 2947 734 3029 dicet,
770 2946 915 3032 quisquis
952 2945 1028 3012 huic
1064 2945 1139 3012 fidei
1176 2945 1361 3013 obuisre23

295 3035 434 3121 mauult,
470 3035 547 3121 quid
579 3037 624 3102 sit
653 3036 738 3123 quod
768 3037 809 3102 ab
842 3036 903 3102 hac
940 3056 1013 3101 eum
1041 3034 1228 3100 delinitione
1256 3035 1308 3100 de·

293 3127 423 3191 torreat.
478 3148 554 3192 nam
582 3126 609 3193 si
638 3126 732 3193 nobis
765 3124 896 3192 uiuendi
929 3124 1067 3193 facultas
1100 3128 1152 3191 est
1183 3123 1217 3190 in
1246 3122 1310 3191 bac
1358 3168 1361 3174 ,

253 3231 280 3272 2⁶
295 3219 454 3280 terrarum
478 3219 581 3303 parta,
604 3239 702 3303 quam
726 3216 872 3301 c'olimus,
895 3216 972 3302 quia
994 3215 1155 3282 calcantes
1174 3214 1308 3280 humum

293 3305 417 3370 caelum
448 3305 641 3390 suspicimus
668 3327 766 3393 super
787 3305 955 3389 uerticem,
982 3303 1059 3390 quia
1085 3304 1134 3371 sol
1158 3302 1253 3370 nobis
1277 3310 1311 3371 et

294 3394 397 3457 oritur
420 3397 454 3458 et
477 3394 605 3477 occidit,
627 3394 705 3479 quia
728 3394 923 3460 circumfuso
947 3394 1085 3459 fruimur
1107 3414 1194 3476 cere,
1217 3392 1309 3459 cuius

294 3486 455 3565 spiramus
479 3480 612 3566 haustu,
640 3504 696 3548 cur
725 3504 791 3547 non
815 3485 849 3547 et
866 3482 933 3548 illic
955 3482 1081 3566 aliquos
1108 3481 1219 3546 uiuere
1243 3501 1310 3546 cre-

294 3568 418 3652 damus,
440 3569 497 3635 ubi
516 3570 628 3636 eadem
648 3591 775 3654 semper
794 3569 826 3634 in
846 3573 999 3654 promptu
1018 3569 1117 3635 sunt?
1160 3589 1235 3634 nam
1255 3569 1363 3654 qui24

253 3674 281 3715 so
295 3657 340 3722 ibi
373 3657 524 3723 dicuntur
556 3659 692 3742 morari,
724 3658 860 3723 eandem
897 3656 1048 3723 credendi
1078 3660 1156 3722 sunt
1186 3657 1309 3743 spirare

296 3767 421 3828 auram,
448 3745 525 3831 quic
551 3746 663 3811 eadem
691 3749 743 3811 est
769 3745 802 3810 in
835 3744 980 3810 eiusdem
1011 3744 1135 3811 sonalis
1167 3745 1309 3811 ambitus

294 3833 538 3898 continuatione
556 3834 741 3920 temperies,
763 3833 850 3898 idem
869 3833 918 3899 sol
937 3833 1006 3898 illis
1025 3836 1059 3899 et
1076 3831 1167 3898 obire
1186 3833 1310 3899 dicetur

366 4005 629 4075 lleptentrronalrl
646 4005 683 4061 P'
749 4005 881 4062 tlrttars
897 4006 1010 4060 memte
1028 4007 1056 4061 Β
1114 4007 1203 4061 taut
1220 4022 1309 4076 supro

292 4093 348 4133 rue.
368 4077 471 4146 cddp
525 4076 647 4145 eqmrq.
662 4077 690 4131 Β
742 4076 834 4131 moult
848 4075 883 4131 B'
939 4075 1054 4131 cardine
1068 4077 1097 4131 P
1147 4078 1310 4147 luteum

293 4164 348 4202 ras.
368 4147 431 4202 add.
448 4162 470 4216 p
551 4146 673 4202 sletB
750 4146 870 4201 adama
890 4142 928 4200 P'
1007 4151 1041 4201 10
1058 4146 1197 4202 calenlB
1275 4152 1308 4203 12

294 4218 386 4271 tracto
402 4217 428 4269 Β
485 4220 518 4270 15
537 4217 567 4271 et
580 4215 702 4271 cultrum
717 4218 834 4272 euanuit
847 4219 879 4272 ta
893 4216 921 4270 Β
974 4221 1008 4270 21
1023 4214 1131 4272 elleP¹
1187 4222 1221 4272 tt
1236 4217 1309 4286 quil·

295 4303 348 4357 que
368 4287 401 4356 P,
419 4289 432 4340 l
450 4286 475 4340 is
494 4287 596 4356 cddp
652 4295 685 4342 2³
704 4285 760 4341 buc
779 4283 816 4342 P‘
872 4286 1032 4342 drlmrtrons
1051 4284 1086 4342 P'
1142 4291 1177 4342 28
1196 4305 1269 4356 quur
1284 4288 1313 4343 P
