3322 5190
599 874 665 932 XVI
680 878 772 935 ,l-lt
799 873 880 931 xvn
899 878 969 932 1-s
1246 873 1312 943 561

298 1040 389 1103 certa
407 1036 460 1123 sit,
477 1040 565 1104 terra
578 1058 656 1104 uero
675 1036 717 1104 ad
735 1037 856 1104 circum
875 1035 953 1104 eolis
972 1038 1129 1122 punctum
1149 1037 1203 1123 eit,
1225 1036 1313 1121 quod

300 1147 375 1211 pars
403 1147 474 1193 esee
500 1149 568 1193 non
590 1125 710 1212 possit,
737 1125 807 1192 sine
835 1124 1043 1193 cunctatione
1070 1125 1181 1193 iudicii
1210 1127 1311 1194 solem

301 1217 429 1281 constat
454 1218 542 1282 terra
573 1237 644 1281 esse
677 1215 847 1299 maiorem,
876 1215 904 1280 si
936 1214 1042 1280 maior
1073 1218 1124 1281 eet
1155 1236 1232 1299 pars
1264 1236 1313 1300 eo,

301 1303 387 1387 qnod
416 1306 520 1388 partis
555 1324 675 1370 nomen
707 1302 808 1368 nimia
844 1302 896 1368 sui
923 1302 1085 1369 breuitate
1115 1323 1182 1369 non
1214 1303 1312 1388 capit

272 1413 411 1457 errorum
435 1392 513 1457 eolis
536 1392 622 1459 circo
645 1392 848 1476 superiorum
867 1391 1036 1456 stellarum
1059 1390 1163 1457 circos
1186 1395 1311 1458 certum
1323 1392 1367 1458 12

301 1484 352 1545 est
373 1501 443 1547 esee
461 1480 609 1564 maiores,
632 1480 660 1546 si
683 1502 731 1565 eo,
754 1479 840 1566 quod
858 1479 1051 1560 continetur,
1073 1479 1107 1545 id
1148 1478 1212 1545 nod
1235 1500 1310 1546 oon·

300 1568 384 1633 tinet
414 1569 519 1635 maius
546 1572 611 1653 est,
638 1591 710 1634 cum
733 1569 787 1633 bic
809 1568 854 1633 sit
881 1567 1070 1633 caelestium
1098 1588 1136 1651 ep
1161 1587 1310 1633 aerarum
1372 1571 1375 1577 '

300 1656 393 1742 ordo,
415 1660 453 1722 ut
475 1680 495 1723 a
518 1657 682 1743 superiore
710 1677 775 1722 una
803 1677 948 1741 quaeque
975 1655 1111 1721 inferior
1139 1655 1311 1722 ambiatur.

300 1743 385 1810 unde
416 1748 450 1811 et
480 1747 575 1812 lunae
608 1745 779 1829 sphaeram
812 1743 906 1898 guasi
933 1765 953 1809 a
980 1743 1070 1809 caelo
1097 1742 1245 1809 ultimam
1277 1747 1312 1810 et

261 1855 288 1898 ro
300 1833 440 1899 uicinam
477 1843 582 1901 terrae
618 1833 786 1900 minimam
837 1832 911 1918 ixit,
942 1853 1016 1898 cum
1053 1834 1142 1898 terra
1171 1831 1245 1917 ipse
1276 1832 1310 1899 in

298 1925 455 2006 punctum
483 1923 577 2008 quasi
605 1943 682 1988 uere
709 1921 774 1988 iam
802 1923 969 2008 postrema
995 1920 1132 1987 deficiat
1181 1920 1209 1986 si
1232 1941 1310 2010 ergo
1323 1921 1365 1988 13

300 2010 469 2077 stellarum
488 2011 691 2097 superiorum
705 2009 792 2092 circi,
810 2013 847 2074 ut
866 2009 1016 2095 diximus,
1034 2008 1120 2075 circo
1139 2008 1217 2075 solis
1236 2014 1313 2077 suut

298 2099 499 2185 grandiores,
527 2099 677 2185 singulae
700 2102 808 2164 autem
832 2097 929 2164 huius
959 2100 1038 2164 sunt
1066 2097 1313 2184 magnitudinis,

297 2191 335 2252 ut
356 2188 397 2254 ad
420 2187 539 2255 circum
563 2210 630 2253 una
652 2209 799 2274 quaeque
827 2209 920 2253 suurn
949 2187 1081 2253 modum
1103 2186 1207 2271 partis
1231 2187 1313 2273 opti·

257 2297 283 2340 ιι
297 2279 386 2363 neat,
414 2276 483 2343 sine
501 2277 600 2343 dubio
623 2277 770 2364 singulae
792 2278 881 2342 terra
903 2279 981 2343 eunt
1002 2275 1190 2361 ampliores,
1212 2297 1312 2361 quam

297 2365 338 2432 ad
361 2367 438 2434 eolis
462 2367 597 2453 circum,
619 2366 676 2453 qui
699 2366 920 2453 superioribus
942 2365 1049 2432 minor
1071 2366 1131 2451 est,
1154 2367 1311 2451 punctum

297 2475 367 2523 esse
383 2457 612 2543 praediximus.
644 2457 684 2524 de
697 2456 785 2541 luna,
803 2456 832 2522 si
851 2477 926 2523 uere
944 2456 1029 2523 luce
1047 2454 1153 2521 lucet
1166 2454 1311 2542 aliena,

297 2546 466 2633 sequentia
488 2547 657 2613 docebunt

384 2669 476 2738 Haec
498 2694 570 2738 cum
595 2668 758 2757 Scipionis
782 2672 915 2755 optutus
937 2690 1004 2737 non
1027 2669 1096 2736 eins
1119 2667 1257 2737 admira·
1268 2667 1366 2738 XVII

256 2759 386 2826 actione
420 2783 611 2846 percurrens
644 2759 685 2826 ad
716 2762 820 2826 terras
853 2781 955 2844 usque
987 2757 1146 2844 fluxisset,
1177 2761 1211 2824 et
1243 2757 1312 2826 illic

296 2848 489 2916 familiarius
512 2849 686 2934 haesisset,
707 2869 821 2915 rursus
844 2848 899 2914 aui
921 2847 1048 2913 monitu
1072 2848 1113 2912 ad
1142 2847 1311 2933 superiora

296 2941 467 3004 reuocatus
490 2941 553 3022 est,
579 2939 689 3024 ipsum
711 2960 732 3002 a
761 2936 842 3004 caeli
865 2936 998 3003 exordio
1021 2935 1233 3022 sphaerarum
1261 2957 1311 3004 cr·

297 3025 404 3092 dinem
436 3027 472 3093 in
501 3027 583 3094 haec
610 3028 709 3094 uerba
736 3025 949 3092 monstrantis
976 3045 1111 3091 nouem
1143 3024 1217 3091 tibi
1249 3029 1342 3096 or·2

298 3115 411 3182 bibus
444 3117 505 3182 uel
538 3115 670 3202 potius
702 3113 832 3203 globis
864 3135 1011 3181 conexa
1042 3115 1133 3180 sunt
1169 3112 1312 3200 omnia,

256 3223 282 3266 rs
297 3226 457 3289 quorum
470 3227 567 3272 unus
581 3207 641 3271 est
654 3204 844 3271 caelestis
859 3202 1038 3288 extimus,
1057 3202 1122 3289 qui
1141 3202 1312 3286 reliquos

297 3315 427 3359 omnes
450 3293 728 3379 conplectitur,
752 3314 919 3359 summus
937 3291 1021 3377 ipse
1044 3290 1152 3376 deus,
1175 3311 1311 3358 arcens

296 3384 334 3446 et
365 3382 574 3448 continens
608 3383 775 3465 ceteros,
806 3381 846 3447 in
875 3401 944 3465 quo
977 3382 1069 3445 sunt
1090 3377 1207 3445 infixi
1234 3378 1313 3463 illi,

297 3469 361 3553 qui
398 3470 628 3555 uoluuntur,
660 3469 862 3535 stellarum
900 3489 1034 3534 cursus
1072 3466 1312 3552 sempiterni.

295 3558 385 3624 huic
409 3559 577 3627 subiecti
600 3562 692 3625 sunt
710 3560 871 3644 septem,
895 3557 962 3643 qui
980 3559 1188 3623 uersentur
1205 3558 1344 3629 retroit

257 3648 500 3714 sucontrario
523 3649 628 3714 motu
651 3651 767 3732 atque
790 3647 947 3714 caelum.
997 3666 1014 3711 e
1038 3645 1173 3750 quibus
1196 3667 1311 3712 unum

297 3737 454 3822 globum
472 3737 651 3823 possidet
668 3736 754 3820 illa,
772 3756 883 3820 quam
896 3735 937 3801 in
955 3738 1074 3801 terrra
1089 3732 1312 3801 Saturniam

296 3825 517 3910 nominant,
546 3825 684 3891 deinde
721 3826 782 3890 est
817 3824 1014 3890 bominum
1051 3822 1185 3910 generi
1222 3842 1312 3907 pro·

368 4039 429 4090 aet
452 4041 468 4089 t
492 4051 524 4090 ar
546 4037 579 4091 ta
620 4035 667 4091 arl
681 4036 714 4092 s‘n
731 4051 787 4092 rae.
805 4037 838 4092 s'n
854 4035 883 4091 Ρ
988 4031 1120 4104 toapiat
1156 4032 1269 4104 ,capat
1285 4032 1315 4088 Ρ

298 4112 435 4161 torreo*
454 4106 483 4160 P
547 4054 624 4162 tab
640 4122 692 4162 om.
712 4105 748 4162 P'
818 4106 867 4160 ts
901 4123 962 4161 ram
982 4106 1011 4160 P
1068 4107 1102 4159 14
1120 4049 1314 4171 obbneantP

300 4182 333 4231 lt
351 4175 459 4246 lingulo
481 4172 519 4231 P‘
598 4183 631 4232 1e
651 4194 712 4232 com
732 4176 768 4233 P'
841 4176 958 4233 ctutul
973 4177 1002 4231 P
1070 4172 1316 4229 ulammaus?

298 4249 405 4303 mourto
425 4241 462 4301 P'
518 4254 552 4304 26
573 4249 770 4319 complectitur
788 4248 817 4304 Ρ
870 4253 903 4303 al
923 4245 1049 4320 globrum
1068 4246 1096 4301 Ρ
