3322 5190
326 788 369 850 ῃ
726 781 949 836 wmfflr

329 945 466 1010 iubetur.
504 944 597 1026 unde,
621 963 702 1025 quae
726 944 801 1006 sciri
824 941 874 1005 ias
894 945 954 1023 est,
975 939 1086 1004 Home
1104 941 1215 1002 noster
1233 937 1345 1001 licebit

277 1034 453 1097 ltlmecum
477 1033 697 1113 recognoscat.
743 1029 940 1113 regionem
969 1027 1098 1106 istam,
1124 1045 1220 1108 quae
1242 1045 1344 1087 nune

328 1121 493 1183 uocatur
527 1117 659 1199 ltalia,
696 1136 813 1198 regno
845 1114 961 1178 lanus
994 1112 1178 1197 optinuit,
1210 1113 1273 1195 qui
1308 1114 1346 1174 ut

328 1204 490 1270 Hieruvs
528 1204 770 1269 Pno‘mucuvu
803 1201 1039 1266 'launnisuvu
1075 1202 1204 1265 secutus
1240 1198 1346 1263 tradit

328 1315 410 1359 eum
439 1292 597 1358 (lamese
630 1314 748 1377 aeque
780 1291 963 1375 indigena
991 1293 1134 1355 terram
1161 1287 1258 1353 hane
1287 1288 1345 1354 ita
1372 1314 1385 1354 s

329 1383 569 1468 participata
590 1381 771 1465 potentia
793 1378 1060 1465 possidebunt,
1082 1380 1124 1441 ut
1146 1377 1254 1461 regio
1273 1374 1345 1443 Oa·

276 1467 495 1554 20mesene,
517 1470 699 1556 oppidum
722 1468 937 1533 Ianiculum
960 1468 1208 1533 uocitaretur.
1253 1470 1356 1554 post,

329 1559 374 1624 ed
406 1558 539 1623 Ianum
577 1560 700 1622 solum
737 1577 895 1640 regnum
932 1555 1129 1620 redactum
1166 1556 1242 1639 eet,
1278 1556 1345 1638 qui

329 1646 502 1712 ereditur
525 1647 716 1730 geminam
741 1646 876 1710 faciem
900 1645 1147 1729 praetulisse,
1170 1646 1224 1726 ut,
1248 1666 1345 1725 quae

329 1741 419 1802 ante
446 1758 617 1821 quaeque
645 1740 733 1821 post
760 1738 908 1819 tergum
938 1738 1080 1818 essent,
1112 1733 1345 1798 intueretur:
1362 1758 1386 1795 ie

330 1825 428 1909 quod
452 1826 590 1908 procul
614 1824 730 1889 dubio
754 1824 798 1889 ed
822 1824 1067 1907 prudentiam
1085 1822 1189 1906 regis
1208 1821 1345 1886 soller-

331 1914 502 1999 tiamque
526 1913 767 1979 referendum
791 1917 861 1995 est,
884 1913 947 1997 qui
967 1914 1005 1977 et
1022 1911 1240 1996 praeterita
1257 1932 1346 1976 uos-

332 2007 391 2068 set
419 2007 456 2066 et
483 2003 615 2066 futura
642 2003 895 2085 prospiceret,
927 2002 1030 2065 sicut
1057 2002 1276 2064 Antenorta
1308 2003 1346 2063 et

332 2091 556 2168 Postuerta,
575 2090 800 2154 diuinitatis
819 2089 974 2155 seilicet
988 2088 1215 2172 aptissimae
1230 2089 1345 2153 eomi-

278 2188 404 2263 21tes,
427 2177 525 2330 agad
543 2178 734 2242 Romanos
759 2178 948 2242 coluntur.
984 2177 1046 2242 hic
1069 2178 1193 2263 igitur
1215 2176 1346 2256 Ianus,
1363 2198 1387 2239 re

332 2289 414 2332 cum
481 2271 658 2330 aturnum
701 2267 824 2330 classe
865 2269 1085 2351 peruectum
1127 2266 1346 2348 excepisset

332 2354 520 2438 hospitio,
539 2357 577 2418 et
593 2354 638 2416 ab
658 2374 700 2418 eo
720 2355 880 2419 edoctus
898 2352 1083 2437 peritiam
1101 2352 1205 2416 ruris
1224 2354 1346 2417 ferum

332 2443 442 2507 illum
462 2446 499 2506 et
523 2440 650 2505 rudem
675 2445 762 2506 ante
786 2440 920 2526 fruges
939 2442 1118 2524 cognitas
1141 2440 1286 2504 uictum
1309 2442 1348 2505 in

333 2530 471 2596 melius
499 2528 730 2613 redegisset,
763 2531 872 2614 regni
899 2550 981 2594 eum
1009 2529 1199 2593 societate
1222 2550 1348 2593 mune-

280 2619 447 2690 22rauit.
487 2639 569 2683 cum
597 2617 742 2701 primus
770 2639 918 2703 quoque
942 2640 1032 2682 aera
1054 2619 1242 2702 signaret,
1270 2640 1388 2682 ser-ao

334 2707 444 2774 uauit
472 2712 509 2772 et
535 2707 575 2770 in
600 2706 671 2771 hoc
700 2704 859 2773 Saturni
886 2707 1146 2772 reuerentiam
1174 2712 1229 2792 ut,
1257 2730 1349 2792 quo·

333 2799 435 2863 niem
459 2796 529 2861 ille
551 2798 642 2861 naui
665 2797 794 2862 fuerat
817 2797 1015 2880 aduectus,
1038 2818 1081 2860 ex
1105 2817 1178 2861 una
1197 2796 1349 2881 quidem

334 2889 445 2972 parte
474 2886 536 2948 sui
559 2884 702 2969 capitis
726 2885 884 2970 effigies
907 2906 951 2949 ex
975 2886 1099 2949 altera
1122 2907 1213 2949 uero
1236 2887 1349 2951 nanis

337 2974 634 3056 exprimeretur,
659 2994 731 3057 quo
751 2971 907 3038 Saturni
926 2974 1146 3037 memoriam
1166 2975 1203 3036 in
1222 2977 1351 3057 poste·

335 3083 398 3126 ros
426 3065 671 3145 propagaret.
718 3082 773 3124 aes
800 3062 848 3125 ita
875 3061 975 3124 fuisse
1003 3060 1169 3144 signatum
1192 3062 1390 3146 hodiequeas

336 3148 539 3232 intellegitur
571 3150 603 3211 in
637 3149 725 3212 aleae
757 3149 878 3232 lusum,
910 3171 984 3213 cum
1016 3151 1107 3232 pueri
1139 3148 1289 3214 denarios
1318 3151 1352 3213 in

337 3236 476 3301 sublime
495 3237 652 3300 iactantes
672 3237 800 3320 capita
824 3243 889 3302 aut
911 3237 1027 3302 nauiu
1050 3236 1124 3302 lusu
1142 3241 1226 3303 teste
1245 3242 1352 3302 uetus·

283 3331 326 3396 23
337 3326 416 3392 tatis
431 3324 621 3390 exclament.
654 3325 714 3390 hos
728 3347 792 3392 una
811 3326 1047 3410 concordesque
1065 3347 1218 3410 regnasse
1233 3327 1354 3392 uicina-

337 3437 399 3502 que
414 3414 533 3567 oppidu
547 3417 710 3480 communi
725 3438 824 3501 opera
837 3417 1021 3482 condidisse
1036 3421 1165 3502 praeter
1175 3416 1354 3501 Maronem,

339 3507 394 3590 qui
418 3507 517 3569 re'ert
1368 3528 1395 3568 eo

426 3629 606 3695 Ianiculum
629 3630 717 3715 huic,
739 3631 789 3696 illi
812 3632 919 3698 fuerat
942 3631 1094 3699 Saturnia
1116 3654 1236 3696 nomen

412 3789 793 3859 mmmmmm

409 3933 559 4002 lhrgrnus
576 3931 604 3984 P
662 3932 796 4001 sequutus
807 3933 836 3987 P
890 3933 1033 4006 tcumelp
1050 3934 1077 3987 P
1135 3935 1315 3989 tcamasene
1331 3935 1359 3988 P

344 4009 376 4059 l'l
395 4003 548 4073 puentrem
571 4001 599 4055 Β
700 4009 732 4058 18
752 4019 848 4059 aerum
870 4003 951 4058 illum
971 4003 1007 4058 B‘
1107 4011 1139 4058 19
1163 4005 1300 4074 redigrll'&
1320 4004 1354 4060 B'

339 4075 558 4201 ffirfflrzmt
581 4073 646 4129 add.
664 4078 679 4126 t
696 4076 769 4130 nub
830 4080 864 4129 25
888 4075 937 4130 aes
951 4075 1022 4130 BP:
1043 4073 1112 4130 haec
1132 4077 1147 4130 t
1212 4083 1246 4131 26
1266 4077 1354 4132 lusum
