3322 5190
330 798 398 864 472
714 796 790 852 SA‘I'.
805 795 902 852 LIBRI
915 795 968 852 Vll

281 962 322 1027 15
420 959 467 1026 Et
493 958 682 1045 Euangelus
705 959 798 1045 ‘quia
824 965 859 1026 et
885 982 924 1025 ex
952 961 1031 1025 iocis
1059 962 1145 1026 seria
1168 960 1247 1026 facit
1275 963 1344 1028 uio·

331 1049 431 1115 lentis
458 1049 621 1133 loquendi,
649 1049 711 1114 hoc
738 1047 818 1112 mihi
846 1049 1025 1113 absoluatis
1054 1049 1142 1126 uolo,
1170 1050 1261 1114 cuius
1290 1051 1344 1116 diu

331 1158 383 1201 me
415 1138 558 1202 exercuit
590 1158 667 1202 uera
698 1136 897 1201 deliberatio.
942 1159 1045 1220 nuper
1077 1136 1161 1202 enim
1195 1137 1276 1201 mihi
1304 1139 1344 1202 de

330 1224 461 1290 Tiburti
493 1246 574 1311 agro
607 1245 679 1290 meo
711 1223 849 1289 exhibiti
880 1229 957 1289 sunt
989 1224 1071 1308 apri,
1110 1245 1190 1308 quos
1224 1226 1345 1291 obtulit

329 1313 414 1378 silua
440 1313 649 1396 uenantibus,
682 1317 716 1378 ct
742 1313 818 1396 quia
845 1312 967 1377 diutule
996 1312 1184 1379 continuata
1210 1315 1342 1380 uenatio
1372 1334 1385 1374 a

280 1401 394 1484 lssest,
421 1402 539 1487 perlati
568 1406 644 1467 sunt
671 1403 728 1467 alii
755 1401 909 1486 interdiu,
936 1405 1033 1466 noctu
1057 1401 1120 1465 alii.
1167 1423 1248 1486 quos
1270 1425 1342 1487 per·

330 1489 424 1555 duxit
447 1489 529 1569 dies,
557 1490 688 1575 integra
712 1491 819 1555 carnis
843 1491 1063 1555 incolumitate
1087 1488 1257 1573 durarunt,
1286 1491 1342 1576 qui

329 1601 408 1644 uero
440 1601 498 1665 par
530 1584 658 1644 noctem
691 1579 797 1644 lunari
830 1578 1030 1662 plenitudine
1064 1579 1189 1643 lucente
1217 1581 1341 1663 portati

329 1672 422 1750 sunt,
449 1672 652 1753 putruerunt.
697 1668 783 1752 quod
806 1667 861 1733 ubi
885 1669 1000 1733 scitum
1024 1672 1087 1750 eat,
1112 1666 1168 1751 qui
1191 1669 1341 1752 sequenti

329 1760 423 1821 nocte
442 1755 639 1838 deferebant,
657 1756 757 1820 infixo
776 1756 965 1841 cuicumque
984 1757 1071 1839 parti
1085 1757 1230 1839 corporis
1244 1766 1340 1821 acuto
1357 1781 1382 1820 ro

330 1865 429 1908 aeneo
454 1865 551 1926 apros
574 1865 669 1908 carne
692 1844 820 1927 integra
843 1845 1053 1927 pertulerunt.
1098 1866 1216 1929 quaero
1241 1845 1342 1929 igitur·

331 1952 388 1995 cur
420 1953 551 2015 noxam,
584 1953 681 2016 quam
709 1931 884 2016 pecudibus
912 1932 1026 1998 occisis
1055 1932 1135 1997 solis
1164 1932 1246 1997 radii
1274 1956 1341 2000 non

330 2018 497 2105 dederunt,
521 2020 633 2085 lunare
657 2021 765 2085 lumen
788 2018 968 2086 effecer·it?’

281 2110 321 2174 l'l
422 2108 560 2174 ‘Facilis
598 2107 663 2174 est'
695 2108 844 2175 Disarius
881 2111 987 2195 inquit
1024 2109 1074 2174 ‘et
1109 2111 1245 2195 simplex
1278 2111 1341 2177 ista

332 2199 510 2281 responsio.
551 2198 672 2262 nullius
696 2198 782 2261 enim
807 2199 853 2262 rei
874 2199 911 2262 fit
930 2198 1103 2280 aliquando
1123 2200 1258 2282 putredo
1277 2201 1339 2265 nisi
1357 2223 1382 2265 rs

331 2284 419 2348 calor
442 2285 623 2367 humorque
644 2286 862 2349 conueneriut.
899 2285 1055 2368 pecudum
1075 2291 1184 2350 autom
1201 2289 1339 2370 putredo

328 2370 410 2436 nihil
435 2372 522 2436 aliud
547 2378 605 2454 est,
630 2372 694 2436 nisi
713 2393 786 2436 cnm
805 2372 942 2437 defluxio
962 2373 1120 2457 quaedam
1139 2373 1244 2438 latens
1264 2376 1341 2439 soli·

277 2461 318 2528 18
330 2459 466 2524 ditatam
494 2461 600 2524 carnis
627 2461 661 2523 in
685 2461 852 2525 humorem
876 2460 1020 2525 resoluit.
1065 2460 1155 2526 calor
1178 2465 1288 2527 antem
1312 2463 1340 2526 si

328 2551 528 2631 temperatus
552 2549 597 2613 sit
620 2553 653 2612 et
676 2547 831 2631 modicus,
852 2548 956 2612 nutrit
978 2547 1138 2627 humores,
1161 2549 1191 2613 si
1212 2550 1340 2632 nimina,

328 2636 468 2702 exsiccat
505 2640 538 2701 et
574 2635 796 2702 habitudinem
833 2636 938 2705 carnis
975 2640 1135 2703 extenuat
1190 2661 1268 2724 ergo
1301 2641 1339 2706 de
1354 2663 1381 2704 ao

328 2724 520 2812 corporibus
545 2727 666 2790 enectis
691 2726 739 2790 sol
760 2731 796 2790 ut
814 2727 944 2791 maioris
964 2728 1080 2791 caloris
1099 2728 1210 2793 haurit
1229 2730 1340 2794 humo-

328 2839 411 2903 rem,
439 2816 552 2882 lunare
577 2817 700 2901 lumen,
728 2817 849 2901 inquo
873 2823 922 2881 est
946 2839 1011 2881 non
1036 2818 1226 2883 manifestus
1250 2821 1340 2885 calor

329 2906 385 2970 sed
416 2908 562 2971 occultus
585 2912 692 2990 tepor,
720 2907 825 2991 magis
849 2906 997 2971 diffundit
1018 2907 1180 2989 humecta,
1208 2913 1241 2973 et
1265 2911 1340 2975 inde

330 2997 483 3079 prouenit
505 2996 622 3060 iniecto
647 3001 757 3077 tepore
782 3001 814 3059 et
837 3000 933 3059 aucto
957 2995 1090 3059 humore
1115 2996 1276 3078 putredo'

279 3086 318 3149 19
418 3083 479 3149 His
521 3084 615 3148 dictis
652 3083 838 3167 Euangelus
875 3083 1084 3147 Eustathium
1126 3085 1255 3150 intuens
1294 3087 1380 3151 ‘sias

329 3173 448 3236 rationi
476 3172 579 3237 dictae
612 3171 798 3236 adsentiris’
824 3173 870 3236 ait
892 3170 1033 3236 ‘annuas
1058 3180 1199 3257 ciliortct,
1231 3181 1288 3239 aut
1311 3179 1339 3240 si

330 3267 388 3343 cst,
412 3261 496 3344 quod
520 3267 657 3342 moueat,
680 3262 824 3347 proferre
842 3284 907 3325 non
927 3262 1045 3344 pigeat,
1069 3263 1145 3346 quia
1170 3265 1219 3327 uis
1239 3269 1340 3330 uestri

329 3351 487 3413 sermonis
512 3351 662 3433 optinuit,
685 3373 724 3413 ne
749 3351 851 3414 inuita
875 3373 950 3414 urire
976 3373 1032 3413 uos
1057 3351 1210 3416 audiena'

277 3444 320 3507 ‘20
420 3438 568 3502 ‘Ouinia'
589 3440 693 3522 inquit
712 3438 904 3503 llustatlrius
925 3438 959 3501 ‘u
980 3438 1107 3503 Disurio
1128 3446 1160 3505 ct
1180 3442 1341 3506 luculente

330 3530 363 3590 et
391 3549 429 3590 ex
457 3549 533 3591 uero
562 3527 648 3590 dicta
676 3533 764 3604 sunt,
793 3527 847 3590 sed
876 3527 955 3590 illud
983 3529 1126 3610 pressius
1149 3530 1339 3595 intuendum
1355 3554 1380 3592 eo

330 3618 389 3696 est,
413 3620 519 3680 utrum
545 3639 695 3680 mensura
718 3617 835 3679 caloris
858 3616 902 3680 sit
918 3639 1016 3679 causa
1035 3617 1223 3702 putredinis,
1248 3625 1282 3683 ut
1301 3645 1339 3684 cx

329 3703 451 3769 maiore
480 3706 588 3770 calore
617 3727 680 3769 non
705 3706 786 3782 ficri,
816 3711 847 3768 et
882 3728 919 3768 ex
948 3706 1072 3769 minore
1097 3729 1134 3770 ac
1159 3712 1338 3790 temperato

329 3794 500 3875 prouenire
538 3793 670 3859 dicatur.
730 3794 808 3857 solis
846 3794 931 3858 enim
969 3794 1071 3875 calor,
1112 3797 1167 3878 qui
1204 3798 1338 3862 nimium

329 3883 442 3964 seruet,
466 3882 595 3964 quando
619 3905 723 3946 annus
743 3884 776 3945 in
796 3886 920 3945 aestate
939 3889 997 3965 est,
1022 3888 1053 3946 et
1073 3883 1177 3948 hieme
1197 3889 1339 3968 tepescit,

399 4096 415 4142 3
435 4088 504 4140 mrhr
524 4106 573 4142 om.
595 4089 629 4141 P'
727 4096 742 4141 6
762 4090 927 4144 rnr'druera
947 4090 974 4141 P
1066 4098 1080 4145 'l
1100 4092 1292 4147 incolomitate
1316 4096 1341 4147 Ρ

330 4165 363 4212 10
382 4160 499 4227 corprnl'
515 4159 551 4211 P'
609 4164 640 4210 13
660 4160 753 4213 effecit
772 4161 799 4213 Ρ
