3322 5190
325 816 345 879 8
722 812 799 867 ΕΔΤ.
818 811 915 866 LIBRI
934 811 946 866 1

294 977 315 1040 9
415 973 646 1039 Postumianua
669 972 754 1038 ‘cum
778 972 946 1038 solstitiali
971 971 1036 1056 die,
1063 973 1118 1056 qui
1142 969 1340 1038 Saturnalio

327 1085 398 1127 rum
421 1062 514 1144 festa,
538 1061 654 1146 quibus
678 1061 736 1124 illa
760 1061 912 1125 conuiuia
935 1060 1098 1124 celebrata
1122 1064 1207 1141 aunt,
1228 1081 1341 1126 conse-

326 1154 421 1216 cutus
449 1155 514 1235 est,
542 1147 662 1214 forensi
690 1170 768 1214 cura
794 1169 915 1213 uacuus
942 1148 1076 1213 laetiore
1104 1149 1211 1213 auimo
1235 1169 1342 1215 essem

327 1239 430 1324 domi,
461 1261 499 1304 eo
531 1236 693 1304 Eusebius
725 1260 798 1303 eum
829 1237 943 1322 paucis
972 1259 990 1300 e
1022 1238 1238 1302 sectatoribus
1272 1238 1342 1304 suis

275 1328 426 1413 lOueuit,
449 1329 624 1413 statimque
647 1328 741 1393 uultu
763 1326 913 1393 renidens
936 1325 1127 1412 ‘permagna
1146 1327 1208 1391 me’
1233 1327 1342 1413 inquit
1367 1351 1380 1393 s

327 1418 398 1483 ‘abs
426 1421 471 1499 te,
501 1417 723 1501 Postumiana,
752 1438 825 1480 cum
853 1438 892 1479 ex
920 1415 994 1480 aliis
1022 1423 1092 1479 tum
1114 1415 1177 1480 boc
1200 1417 1342 1481 maxime

327 1506 435 1592 gratia
460 1506 567 1571 fateor
595 1505 800 1588 obstrictum,
828 1504 912 1588 quod
937 1526 956 1567 a
978 1502 1187 1569 Praetextato
1210 1504 1342 1571 ueniam

327 1594 525 1679 postulando
559 1592 639 1658 mihi
672 1593 706 1657 in
735 1615 814 1657 cena
840 1593 1049 1658 uacuefacieti
1076 1593 1197 1657 locum:
1230 1593 1342 1677 itaque

328 1684 483 1768 intellego
503 1703 569 1747 nou
589 1681 730 1746 studium
750 1685 879 1746 tantum
898 1686 989 1745 tuum
1009 1681 1065 1745 sed
1084 1682 1188 1764 ipsam
1203 1703 1342 1766 quoque,

328 1776 365 1835 nt
388 1770 511 1855 aliquid
536 1771 594 1835 aba
618 1773 650 1834 te
673 1769 753 1833 mibi
772 1771 830 1833 fiat
850 1768 1019 1850 commodi,
1042 1770 1223 1832 consentire
1242 1774 1341 1852 atque
1357 1794 1382 1834 ro

277 1858 491 1941 lladapirare
528 1855 711 1922 fortunam?
768 1855 882 1920 ‘uisne'
920 1857 1052 1940 inquam
1088 1855 1269 1920 ‘restituere
1307 1856 1340 1919 id

330 1947 440 2030 nobis,
472 1946 557 2030 quod
592 1945 735 2009 debitum
770 1949 838 2008 tam
872 1943 1010 2028 benigne
1044 1965 1081 2008 ae
1108 1949 1176 2008 tam
1204 1944 1344 2009 libenter

330 2033 457 2115 fateris,
485 2037 695 2118 nostrumque
722 2032 784 2098 hoc
808 2032 926 2111 otium,
954 2053 1019 2115 quo
1043 2032 1165 2116 perfrui
1188 2053 1262 2097 raro
1285 2033 1342 2098 ad·

330 2123 461 2187 medum
485 2122 575 2206 licet,
602 2143 641 2185 eo
665 2121 787 2204 ducere,
810 2126 847 2185 ut
868 2119 920 2185 bie
944 2119 1061 2204 quibus
1084 2123 1161 2184 tune
1185 2123 1220 2184 tu
1242 2121 1343 2186 inter·

280 2212 430 2280 mineris
454 2231 541 2274 nunc
564 2231 624 2274 nos
646 2209 801 2273 interesse
825 2207 1026 2272 uideamur?
1071 2207 1212 2274 ‘faciam'
1235 2209 1344 2294 inquit
1359 2233 1384 2273 n

329 2299 379 2363 ‘ut
405 2298 464 2362 uis.
510 2297 651 2361 narrabo
680 2301 788 2360 auteur
817 2296 878 2360 tibi
906 2317 970 2360 non
999 2295 1106 2360 eibum
1136 2300 1192 2360 aut
1219 2303 1344 2380 potum,

328 2395 397 2451 tam
426 2387 487 2450 etsi
516 2407 554 2449 ea
582 2406 707 2471 quoqne
735 2384 875 2448 ubertim
904 2388 1054 2466 casteque
1081 2384 1257 2449 adfuerint:
1287 2386 1344 2450 sed

330 2479 363 2540 et
390 2496 472 2559 quae
500 2474 552 2538 uel
581 2474 614 2537 in
643 2473 804 2537 conuiuiis
831 2473 883 2536 uel
913 2473 1052 2536 maxime
1084 2477 1175 2536 extra
1198 2495 1345 2539 mensam

331 2564 372 2628 ab
396 2562 499 2628 isdem
524 2583 580 2644 per
603 2566 653 2626 tot
676 2560 744 2625 dies
768 2561 854 2624 dicto
877 2564 963 2643 sunt,
987 2561 1197 2645 inquantum
1217 2567 1342 2646 potero,

279 2653 440 2722 13animo
464 2648 629 2734 repetam?
676 2671 757 2733 quae
781 2649 909 2733 quidem
934 2670 994 2732 ego
1018 2671 1092 2713 euin
1115 2649 1275 2734 audirem,
1303 2650 1344 2716 ad
1359 2676 1384 2714 ao

331 2763 443 2807 eorum
467 2739 547 2805 mibi
570 2739 682 2824 uitam,
705 2738 761 2824 qni
787 2739 871 2802 beuti
893 2762 913 2802 u
932 2738 1134 2822 eripientibus
1153 2739 1345 2825 dicerentur,

331 2832 482 2897 accedere
506 2828 653 2894 uidebar:
684 2851 761 2892 uam
792 2833 825 2893 et
847 2850 928 2910 quac
952 2828 1053 2911 pridie
1078 2852 1175 2913 quam
1199 2831 1346 2895 adessem

332 2922 416 2984 iuter
439 2939 495 2983 eos
519 2917 605 2981 dicta
628 2924 704 2980 sunt
723 2917 848 2980 Aniene
872 2916 952 2980 mihi
974 2917 1159 2981 insinuante
1179 2923 1346 3003 comperta

332 3011 421 3091 sunt,
450 3010 483 3070 et
511 3005 620 3070 omnia
647 3004 769 3086 scripto
799 3004 963 3086 mandaui,
993 3005 1112 3086 nequid
1140 3005 1347 3070 subtraheret

332 3094 468 3158 obliuio:
497 3113 579 3178 quae
608 3092 636 3155 si
663 3113 701 3154 ex
729 3113 781 3155 me
810 3092 919 3155 audire
948 3093 1063 3176 gestis,
1091 3113 1169 3155 caue
1193 3095 1343 3158 aestimes
1359 3114 1384 3155 ss

332 3182 417 3247 diem
449 3202 549 3245 unum
581 3179 756 3244 referendis
790 3201 872 3263 quae
900 3200 958 3262 per
984 3183 1034 3243 tot
1060 3181 1128 3244 dies
1156 3186 1232 3244 sunt
1258 3181 1346 3247 dieta

333 3267 502 3335 sufficere?

281 3366 322 3429 14
421 3357 541 3422 Decius
564 3355 746 3440 ‘quemnam
775 3355 875 3440 igitur
902 3359 935 3419 et
962 3355 1046 3420 inter
1073 3377 1155 3441 quos
1182 3361 1239 3420 aut
1261 3357 1346 3422 unde

333 3450 440 3512 ertum
473 3466 671 3519 sermonem,
703 3443 925 3526 Postuminus,
959 3443 1059 3508 fuisse
1096 3444 1244 3508 dicebat?
1299 3447 1347 3510 ita

283 3538 463 3619 lbpraesto
487 3556 558 3599 sum
581 3533 762 3597 indefessus
787 3531 937 3597 auditor?
969 3537 1038 3597 tum
1062 3532 1117 3596 ille
1140 3530 1347 3597 ‘declinante’
1361 3548 1384 3587 ³⁰

333 3621 378 3689 ‘in
402 3645 573 3708 uesperum
598 3622 658 3706 die,
681 3644 776 3708 quern
796 3619 967 3688 Saturnale
990 3621 1108 3686 festum
1133 3626 1203 3685 erat
1222 3621 1347 3687 insecu-

333 3751 546 3759 -——-—-—-.-—·

406 3813 575 3871 ll'oui.B'
631 3814 855 3870 sollbbabsdiel
868 3816 895 3868 B
950 3814 1071 3869 ‘lallell
1125 3813 1351 3882 consequntulP

333 3888 554 3943 rannnumP
607 3892 637 3939 11
659 3887 767 3956 sperare
784 3887 810 3938 P
861 3893 922 3955 poet
941 3888 1053 3940 lontrina.
1071 3888 1134 3940 cdd.
1154 3885 1226 3951 DP,
1247 3885 1349 3940 lleeml'

333 3959 380 4012 Pa
453 3966 486 4012 14
505 3958 558 4012 deo
577 3957 611 4012 P
686 3962 717 4010 15
736 3963 800 4011 ueste
818 3957 891 4011 laessi
911 3957 973 4011 add.
994 3956 1015 4009 Ρ
1035 3957 1068 4023 Ρ,
1088 3955 1283 4011 Postumianus
1300 3957 1347 4010 Pu·

334 4034 367 4085 17
387 4028 518 4084 affuerint
537 4029 573 4097 P,
592 4029 741 4082 adfuerunt
759 4028 795 4094 Β,
815 4027 987 4082 affueruntb
1044 4033 1075 4081 18
1094 4028 1140 4081 uel
1159 4045 1210 4082 oni.
1231 4027 1258 4080 Ρ
1310 4035 1344 4082 19

331 4099 436 4154 tisdem
454 4099 676 4171 (eldeminster.)
692 4099 720 4153 P
772 4104 806 4152 22
841 4114 894 4153 uae
908 4095 943 4150 B'
999 4098 1128 4153 aenon
1142 4095 1176 4151 15'
1232 4104 1347 4153 boante

333 4173 394 4225 tum
405 4170 598 4240 annuerim,
613 4168 807 4226 Postumianul
839 4184 859 4213 e
896 4176 928 4224 111
940 4169 1062 4224 incniP
1096 4169 1304 4238 insequuturum
1321 4170 1349 4223 P
