3322 5190
707 877 747 933 111
765 883 853 933 r-ia
1104 946 1121 972 Ι,
1225 878 1292 945 595

277 1038 395 1128 quippe
413 1039 604 1126 incorporea
625 1038 697 1106 sola
715 1038 930 1106 aestimantur
948 1039 1084 1127 rationo,
1102 1062 1169 1107 non
1187 1062 1203 1108 s
1221 1063 1294 1130 nau,

278 1130 494 1216 quaerendum
518 1134 582 1215 est,
609 1132 718 1196 utrum
741 1131 776 1196 et
798 1130 832 1194 in
854 1129 927 1217 ipso
952 1129 1064 1196 mnndi
1087 1151 1144 1197 cor
1168 1152 1224 1199 ore
1246 1131 1292 1198 di·

277 1219 399 1285 mensio
421 1219 542 1285 librata
565 1218 754 1285 seruauerit.
791 1222 825 1284 et
843 1218 1054 1286 Archimedes
1076 1153 1206 1307 quidim
1225 1224 1344 1290 sta-13

276 1308 402 1373 diorum
427 1329 599 1374 numerum
622 1307 872 1393 deprehendisse
895 1330 929 1374 se
952 1308 1102 1393 credidit,
1130 1310 1292 1395 quibnsa

249 1401 383 1463 cterrae
406 1397 575 1484 superlicio
598 1398 677 1463 luna
699 1396 836 1462 distaret
857 1400 892 1463 et
914 1419 935 1462 a
957 1398 1036 1464 luna
1060 1397 1249 1484 Mercurius,
1272 1421 1293 1465 a

277 1485 437 1553 Mercurio
460 1485 582 1572 Venus,
611 1487 661 1555 sol
685 1509 705 1552 a
728 1485 863 1572 Venere,
886 1485 975 1553 Mars
999 1509 1019 1552 a
1042 1488 1120 1575 sole,
1143 1510 1164 1554 a
1185 1487 1292 1556 Marte
1400 1552 1402 1558 ,

276 1575 436 1661 Iuppiter,
461 1575 622 1643 Saturnus
647 1599 667 1643 a
688 1575 781 1661 Ione,
804 1576 861 1642 sed
884 1580 917 1641 st
938 1597 959 1642 a
981 1573 1117 1643 Saturni
1139 1579 1217 1645 orbe
1240 1599 1291 1644 us·

276 1687 338 1750 que
370 1665 411 1730 ad
442 1665 551 1751 ipsum
584 1665 778 1732 stelliferum
811 1665 935 1730 caelum
964 1687 1059 1730 omne
1086 1667 1229 1752 spatium
1256 1688 1291 1733 se

275 1754 402 1820 ratione
438 1776 603 1821 emensum
637 1755 775 1841 putauit
830 1776 913 1839 qnae
945 1756 1057 1820 tamen
1087 1755 1291 1821 Archimedis
1304 1759 1346 1826 14

241 1864 266 1904 ιο
280 1843 437 1909 dimensio
471 1866 491 1909 a
518 1842 695 1910 Platonicis
727 1842 898 1927 repudiata
929 1848 980 1907 est
1011 1844 1105 1928 quasi
1134 1844 1234 1928 dupla
1259 1847 1294 1910 et

276 1931 376 2016 triple
397 1932 573 1998 interualla
594 1954 659 1997 non
683 1953 817 1997 seruans
824 1981 834 2015 ,
856 1934 890 1996 et
913 1931 1111 2016 statuerunt,
1134 1931 1197 1997 hoc
1220 1953 1292 1999 esse

276 2020 485 2107 credendum,
512 2024 550 2086 ut
573 2023 731 2106 quantum
754 2022 805 2084 est
831 2041 850 2084 a
873 2021 960 2083 terra
982 2040 1086 2103 usque
1109 2019 1149 2083 ad
1172 2019 1293 2105 lunam,

277 2107 411 2191 duplum
439 2109 484 2173 sit
509 2131 529 2172 s
551 2111 640 2173 terra
662 2128 765 2191 usque
789 2106 829 2171 ud
853 2106 969 2188 solem,
997 2109 1219 2191 quantumque
1242 2113 1294 2173 est

278 2217 297 2258 a
319 2201 408 2260 terra
429 2216 533 2280 usque
557 2196 598 2260 ad
622 2197 737 2279 solem,
760 2194 894 2279 triplum
918 2194 964 2258 sit
986 2196 1112 2259 sterre
1131 2214 1232 2279 usqne
1251 2195 1293 2261 ad

239 2297 265 2339 ιι
278 2281 448 2366 Venerem,
470 2286 691 2368 quantumque
714 2284 766 2347 est
787 2304 808 2347 a
829 2285 918 2346 terra
940 2302 1043 2365 nsque
1066 2281 1107 2346 ad
1127 2286 1293 2367 Venerem,

278 2373 392 2454 quater
414 2373 542 2436 tantum
566 2370 610 2436 sit
632 2392 653 2435 a
674 2375 763 2435 terra
786 2390 888 2455 nsque
912 2368 952 2434 ed
975 2367 1130 2434 Mercurii
1153 2370 1293 2455 stellam,

278 2462 501 2544 quantumque
525 2463 576 2525 est
597 2459 638 2525 ad
657 2457 853 2525 Mercurium
872 2480 893 2523 a
910 2464 1009 2541 terro,
1031 2457 1145 2524 nonies
1164 2461 1292 2526 tanturn

278 2549 323 2612 sit
346 2571 365 2613 a
388 2551 476 2613 terra
498 2570 601 2634 usque
624 2548 664 2613 ad
683 2547 831 2632 Mortem,
853 2551 887 2612 et
909 2555 1068 2633 quantum
1091 2569 1111 2612 a
1133 2551 1222 2614 terra
1239 2571 1291 2617 us-

277 2658 339 2721 que
367 2637 408 2702 ad
431 2636 571 2702 Martem
597 2639 661 2721 est,
688 2637 791 2703 octies
815 2640 945 2702 tantum
969 2637 1015 2702 sit
1037 2659 1057 2701 a
1079 2640 1167 2702 terra
1189 2659 1292 2722 usqne

237 2725 318 2790 rond
343 2725 467 2811 Iouem,
494 2728 715 2811 quantumque
744 2729 796 2790 est
823 2749 843 2790 s
870 2729 957 2791 terra
980 2747 1082 2810 nsque
1105 2724 1146 2791 ad
1171 2724 1293 2813 Iouem,

278 2815 397 2899 septies
420 2818 454 2880 et
476 2815 575 2881 uicies
598 2816 728 2879 tantum
752 2815 797 2879 sit
819 2837 839 2880 a
861 2817 948 2879 terra
971 2835 1075 2899 usque
1099 2813 1140 2879 ad
1160 2813 1292 2882 Satumi

277 2906 399 2969 orbem.
445 2904 530 2970 hanc
553 2902 798 2970 Platonicorum
821 2903 1064 2988 persuasionem
1088 2902 1291 2990 Porphyrius
1304 2904 1346 2975 15

277 2993 371 3059 libris
395 2994 541 3077 inseruit,
564 2993 682 3080 quihus
700 2993 826 3060 Timaei
845 2992 1103 3059 obscuritatibus
1122 3015 1189 3061 non
1207 2993 1292 3062 nihil

276 3083 358 3150 lucis
390 3083 524 3172 inludit,
555 3087 666 3170 sitque
698 3106 753 3150 eos
786 3083 914 3149 credere
944 3083 984 3150 ad
1012 3081 1190 3174 imaginem
1217 3105 1292 3153 con·

237 3190 263 3233 2⁵
278 3175 432 3241 tertionis
452 3175 580 3242 animae
599 3175 679 3240 hacc
698 3196 769 3240 esse
782 3171 818 3241 in
832 3196 969 3260 corpore
983 3175 1094 3240 mundi
1108 3175 1293 3262 interualla,

275 3286 357 3347 quae
390 3265 528 3349 epitritis
562 3263 725 3330 hemioliis
753 3263 910 3350 epogdois
937 3263 1192 3350 hemitoniisque
1219 3287 1294 3331 con·

275 3353 404 3436 plentur
427 3354 462 3417 et
483 3351 640 3433 limmate,
663 3358 696 3418 et
718 3353 766 3417 ita
783 3353 956 3436 prouenira
975 3356 1178 3439 concentum,
1202 3354 1293 3419 cuius

275 3440 358 3505 ratio
388 3442 422 3505 in
445 3441 630 3507 substantia
653 3440 780 3505 animae
804 3444 956 3505 contexta
979 3440 1144 3506 mundano
1166 3463 1294 3528 quoqne

275 3530 418 3613 corpori,
444 3530 530 3613 quod
558 3529 600 3594 ab
629 3529 737 3593 anima
765 3530 929 3612 mouetur,
958 3528 1083 3593 inserta
1106 3532 1163 3594 est
1210 3529 1293 3596 unde
1305 3530 1345 3596 16

349 3717 522 3774 lelhmatnr
535 3717 564 3772 Β
621 3722 769 3786 hcorpore
783 3717 881 3772 mundi
894 3717 923 3771 B
972 3716 1248 3787 eredeprehenddre
1264 3720 1293 3774 Β

277 3787 435 3844 treton
497 3786 676 3843 omenihP
719 3792 769 3870 ,11
788 3786 824 3842 ht
841 3786 1005 3875 duplumB
1066 3791 1292 3874 1611111110

275 3859 533 3931 quantumcumque
550 3857 579 3914 Β
629 3863 664 3914 15
682 3875 700 3914 a
716 3874 830 3916 mom.
851 3858 879 3913 P
940 3863 972 3913 lt
987 3857 1131 3927 nsquess,
1149 3860 1294 3917 dandam

253 3961 313 4020 'P'
369 3968 403 4023 16
421 3959 620 4022 amercurrrP'
677 3969 710 4021 17
728 3969 885 4021 omercnnir
904 3964 944 4020 P'
999 3933 1125 4037 tuffiaco
1141 3966 1296 4038 ieras.)P
1346 3956 1351 3968 ⁸

276 4041 308 4090 11
329 4037 420 4108 urgues
434 4039 463 4093 Β
544 4041 578 4092 11
596 4037 801 4110 plumascorsr
821 4035 860 4092 P‘
942 4038 1104 4108 porphirius
1121 4037 1174 4094 ΡΒ
1257 4045 1292 4094 14

275 4108 469 4164 contextiones
482 4105 520 4164 P'
620 4113 655 4163 11
673 4107 806 4164 hemrolrl
820 4109 849 4163 P
944 4107 1080 4165 hemroho
1098 4108 1157 4179 lrpo
1179 4108 1242 4166 dors
1255 4108 1291 4165 Β

311 4179 506 4306 emrtolpulque
529 4181 558 4235 P
632 4179 807 4250 complentur
831 4179 859 4233 Ρ
934 4185 969 4236 18
994 4181 1102 4236 rotrone
1257 4186 1292 4236 11

276 4256 370 4305 ammt
417 4248 425 4268 '

1023 4336 1078 4396 38*
