3322 5190
329 836 395 902 304
719 836 794 893 SA'I'.
812 836 910 893 LIBRI
928 836 953 889 V

328 998 493 1065 Homerus
509 996 627 1083 Ἔριν,
659 998 691 1063 id
719 1003 769 1062 est
796 999 1051 1080 contentionem,
1083 1019 1103 1061 a
1130 1018 1233 1080 paruo
1261 996 1343 1061 dixit

328 1088 483 1171 incipere,
511 1093 543 1151 et
570 1089 684 1169 postea
710 1087 744 1149 in
770 1087 1003 1149 incrementum
1027 1084 1068 1149 sd
1091 1084 1217 1149 caelum
1240 1104 1343 1167 usque

330 1195 541 1240 succrescere.
586 1173 648 1237 hoc
676 1173 761 1237 idem
789 1171 879 1238 Maro
908 1173 946 1237 de
974 1171 1075 1237 Fama
1103 1171 1185 1236 dixit
1211 1171 1267 1236 sed
1294 1173 1343 1236 in·

276 1262 479 1346 ddcongrue.
525 1283 627 1345 neque
655 1261 741 1325 enim
770 1282 872 1345 uequu
899 1266 977 1325 sunt
1004 1265 1179 1345 augmenta
1207 1262 1343 1324 conten-

330 1350 430 1414 tionis
453 1354 488 1416 et
509 1349 629 1432 famae,
656 1349 732 1433 quia
752 1350 929 1430 contentio,
952 1349 1013 1412 etsi
1032 1348 1191 1432 usquead
1210 1353 1343 1412 mutuas
1371 1372 1384 1411 a

330 1438 532 1502 uastatioues
562 1458 600 1501 ac
622 1437 709 1502 bella
732 1437 940 1522 processerit,
968 1436 1072 1501 adhuc
1094 1437 1259 1500 contentio
1284 1440 1345 1518 est,

331 1530 365 1591 et
386 1530 499 1590 manet
519 1526 602 1608 ipsa,
625 1546 706 1608 quae
725 1525 838 1606 creuit,
860 1524 948 1589 fama
969 1546 1046 1589 uero
1066 1545 1138 1588 cum
1157 1525 1192 1588 in
1210 1523 1344 1587 immen-

331 1634 403 1677 sum
426 1612 544 1696 prodit,
567 1612 656 1676 fama
678 1633 749 1674 esse
773 1613 838 1676 iam
860 1612 979 1675 desinit
997 1619 1030 1675 ct
1048 1611 1085 1676 fit
1103 1612 1192 1674 notio
1211 1612 1258 1674 rei
1278 1611 1344 1674 iam

330 1701 489 1782 cognitae.
536 1700 608 1784 quis
635 1700 721 1763 enim
744 1700 809 1763 iam
833 1699 955 1764 famam
977 1706 1086 1780 uocet,
1114 1720 1187 1763 cum
1209 1720 1262 1762 res
1287 1698 1344 1762 ali-

331 1808 397 1870 qua
424 1809 444 1851 a
470 1793 558 1850 terra
585 1787 618 1850 in
648 1787 774 1850 caelum
803 1791 882 1851 nota
906 1786 972 1851 sit?
1018 1785 1132 1851 deinde
1154 1808 1214 1850 nec
1237 1787 1385 1870 ipsumro

331 1873 531 1960 hyperbolen
567 1874 676 1957 potuit
711 1895 859 1959 aequare.
913 1874 968 1938 ilie
1000 1875 1124 1940 caelum
1158 1873 1252 1954 dixit,
1291 1875 1345 1940 hic

280 1963 430 2029 33auras
454 1967 487 2027 et
509 1962 630 2027 nubila.
671 1961 751 2026 haec
774 1966 882 2027 autem
906 1964 989 2027 ratio
1013 1964 1076 2028 suit
1096 1984 1161 2028 non
1185 1963 1344 2048 aequandi

332 2052 454 2135 omnia,
486 2072 568 2136 quae
596 2051 638 2116 ab
666 2058 797 2116 auctore
824 2054 1045 2137 transcripsit,
1078 2051 1163 2137 quod
1191 2051 1225 2116 in
1253 2053 1343 2117 omni

333 2140 440 2226 operis
473 2140 524 2204 sui
557 2144 649 2224 parte
681 2140 816 2205 alicuius
845 2139 1008 2205 Homerici
1037 2141 1099 2205 loci
1127 2141 1342 2206 imitationem

333 2228 468 2294 uolebat
498 2229 653 2311 inserere,
684 2250 744 2294 uec
776 2235 886 2292 tamen
919 2229 1067 2294 humanis
1100 2229 1223 2294 uiribus
1252 2230 1342 2294 iilam
1358 2253 1384 2292 rs

333 2316 539 2382 diuinitatem
568 2317 688 2401 ubique
715 2321 846 2400 poterat
873 2339 1024 2403 aequare,
1052 2322 1088 2382 ut
1115 2318 1147 2382 iu
1176 2316 1234 2382 illo
1261 2317 1343 2402 loco,

333 2427 429 2492 quem
450 2404 528 2469 uolo
552 2407 695 2471 omnium
718 2411 866 2471 nostrum
891 2406 1008 2471 iudicio
1029 2408 1061 2470 in
1080 2427 1248 2471 commune
1267 2429 1342 2491 pen·

280 2495 408 2561 distri.
453 2491 601 2560 Minerua
622 2493 771 2560 Diomedi
800 2517 858 2560 suo
883 2497 1039 2579 pugnanti
1063 2495 1231 2560 dumtaxat
1252 2496 1343 2562 flam-

334 2605 460 2648 marum
482 2583 574 2648 addit
596 2584 754 2666 ardorem,
777 2589 811 2648 et
834 2584 919 2648 inter
941 2583 1082 2648 hostium
1102 2584 1216 2649 caedes
1234 2584 1344 2670 fulgor

333 2672 450 2755 cepitis
474 2672 524 2734 uel
549 2693 711 2735 armorum
736 2693 794 2754 pro
818 2670 920 2735 niiiite
944 2671 1086 2735 minatur
1357 2694 1384 2733 so

379 2793 455 2859 δαῖέ
475 2795 510 2858 oi
530 2793 566 2859 ἐκ
586 2799 733 2879 κόρυθός
757 2818 789 2859 τε
812 2793 866 2859 καὶ
889 2794 1028 2870 ἀσπίδος
1051 2795 1217 2877 ἀκάματον
1240 2805 1316 2879 πῦρ.

281 2919 396 2986 35hoc
432 2921 569 2982 miratus
605 2918 871 3001 supramodum
904 2916 1069 3002 Vergilius
1103 2918 1262 2983 inmodice
1294 2924 1344 2983 est

334 3030 421 3071 usus.
467 3008 562 3070 modo
587 3008 670 3069 eninr
695 3007 742 3070 itu
765 3007 803 3069 dc
826 3005 935 3069 'Purno
960 3007 1039 3070 dicit

547 3132 691 3191 tremunt
714 3129 774 3191 sub
798 3129 916 3191 uertice
939 3129 1055 3191 cristae

379 3215 578 3300 sanguineae
601 3216 767 3299 clipeoque
791 3217 944 3279 micantia
967 3217 1102 3280 fulmina
1126 3218 1272 3280 mittunt:
1357 3238 1383 3278 as

335 3339 431 3404 modo
453 3339 538 3403 idem
561 3339 656 3424 ponit
677 3339 716 3403 de
740 3340 850 3404 Aenea

380 3463 473 3528 ardet
496 3486 576 3548 aper
600 3464 698 3549 capiti
722 3464 892 3548 cristisque
916 3488 953 3529 ac
976 3466 1097 3530 uertice
1120 3467 1250 3531 flamma

380 3552 534 3636 funditur,
557 3559 590 3617 et
612 3558 724 3618 uastos
748 3554 845 3618 umbo
870 3554 972 3617 uomit
995 3576 1107 3619 aereus
1131 3557 1225 3640 ignis.

335 3676 421 3761 quod
440 3698 536 3761 quam
555 3678 740 3760 importune
760 3679 803 3742 sit
821 3677 973 3761 positum,
995 3679 1070 3744 hinc
1089 3685 1233 3764 apparet,
1257 3680 1344 3765 quod

405 3908 437 3956 sl
459 3903 556 3957 1154
610 3909 645 3956 24
664 3905 731 3958 Aen.
754 3903 899 3957 vlllluca
955 3910 988 3959 27
1009 3904 1161 3959 ib.X270

408 4114 520 4166 ιέΠΙΝ
541 4113 568 4166 Ρ
638 4112 825 4167 sssuccescere
844 4115 872 4167 P
934 4119 967 4166 19
986 4116 1017 4168 in
1037 4115 1119 4168 cedes
1131 4115 1296 4183 pecuniose
1313 4115 1344 4169 in

334 4199 390 4239 rus.
408 4184 485 4238 iuP
537 4188 568 4237 21
590 4185 741 4238 ucutnou
761 4185 788 4238 Ρ
838 4186 914 4239 ΠΙΡ·
935 4186 963 4238 Ρ
1015 4190 1048 4240 2⁵
1068 4187 1180 4256 cirpsoq.
1199 4183 1235 4239 P'
