3322 5190
332 808 375 876 iO
723 811 800 869 ΕΔΤ.
818 810 919 867 LIBRI
935 813 949 866 1

331 972 526 1038 consulem
550 973 629 1040 dicit
653 974 697 1039 ab
726 975 819 1040 urbe
846 974 1003 1041 condita
1031 996 1128 1040 anno
1155 975 1346 1061 quingen·

331 1059 469 1125 tesimo
502 1063 744 1147 sexagesimo
777 1062 957 1144 secundo,
989 1062 1088 1128 inito
1121 1085 1207 1127 mox
1240 1064 1346 1129 bello

331 1148 521 1214 Aetolico.
572 1149 628 1214 sed
660 1151 723 1216 hoc
750 1152 859 1235 arguit
886 1149 1013 1216 Vsnao
1041 1151 1211 1216 scribendo
1244 1154 1346 1217 anti·

331 1237 557 1321 quissimam
591 1238 713 1323 legem
746 1238 867 1306 inisse
899 1239 1060 1305 incisam
1093 1239 1131 1303 in
1164 1240 1347 1305 columna

331 1347 442 1392 aerea
474 1348 494 1392 a
524 1325 558 1394 L.
588 1325 747 1394 Pinario
784 1335 822 1394 et
853 1327 969 1395 Furio
1006 1328 1250 1416 consulibus,
1286 1331 1374 1395 cuis

332 1415 475 1481 mensis
503 1415 758 1483 intercalaris
786 1417 1034 1483 adscribitur.
1080 1417 1159 1482 haec
1184 1418 1223 1482 de
1246 1419 1347 1483 inter-

331 1503 460 1569 calandi
483 1504 644 1590 principio
669 1506 748 1570 satis
772 1506 875 1571 relata
899 1510 984 1571 suut.

277 1587 374 1656 xlm
420 1590 542 1657 Verum
566 1594 630 1658 init
652 1596 790 1678 tempus,
813 1616 885 1659 cum
909 1598 1044 1680 propter
1066 1593 1333 1679 superstitionem

330 1680 534 1747 intercalatio
567 1681 672 1747 omnir
706 1685 826 1748 omissa
858 1688 921 1767 est,
958 1704 1024 1749 non
1058 1704 1234 1766 numquam
1267 1704 1347 1746 nero

331 1790 388 1872 per
415 1771 553 1854 gratiam
583 1773 801 1852 sacerdotum,
832 1772 887 1856 qni
915 1771 1096 1854 publicanis
1123 1769 1262 1854 proferri
1292 1771 1346 1834 nel
1362 1790 1387 1828 ιο

331 1858 478 1922 imminui
511 1858 660 1923 consulto
692 1860 767 1923 anni
800 1858 869 1924 dies
902 1859 1071 1942 nolebant,
1107 1857 1203 1922 ruodo
1236 1858 1346 1922 auctio

332 1943 428 2011 ruodo
451 1946 603 2011 retractio
627 1946 752 2010 dierum
775 1946 997 2030 proueniebat,
1021 1952 1053 2010 st
1076 1947 1136 2010 snb
1160 1946 1268 2029 specis
1289 1947 1347 2010 ob·

300 2033 527 2100 damnationis
550 2035 737 2121 emergebat
759 2035 863 2100 maior
885 2034 1084 2100 confusionis
1108 2033 1244 2098 occasio.
1289 2033 1347 2098 aed

332 2126 447 2208 postea
475 2121 509 2188 0.
538 2120 678 2189 Ouesnr
711 2147 839 2190 onrnenr
871 2123 957 2190 liano
983 2123 1237 2191 inconstantiam
1265 2126 1347 2187 tem-

331 2233 447 2300 porum
476 2233 594 2300 nugam
625 2213 729 2279 adhuc
757 2220 790 2280 et
819 2216 974 2280 incertam
1003 2216 1036 2280 iu
1064 2212 1209 2279 ordinem
1238 2215 1347 2278 statae
1362 2231 1387 2270 ¹⁵

332 2303 529 2370 delinitionis
557 2305 680 2391 coegit,
707 2304 873 2370 adnitente
900 2304 962 2370 sibi
991 2303 1032 2368 M.
1060 2303 1197 2368 Flauio
1227 2303 1347 2387 scriba,

332 2393 388 2477 qni
421 2393 560 2476 scriptos
588 2392 657 2459 dies
684 2392 832 2477 singulos
859 2395 908 2457 its
937 2392 977 2457 ad
1005 2392 1195 2457 dictatorem
1222 2390 1346 2472 retulit,

332 2485 371 2545 ut
393 2485 427 2545 et
449 2480 529 2545 ordo
552 2502 664 2545 eorum
683 2480 823 2544 inueniri
842 2480 996 2545 facillime
1014 2483 1133 2564 posset,
1156 2483 1190 2543 et
1208 2480 1345 2544 inuento

301 2568 441 2633 bcertns
469 2573 574 2633 status
602 2574 829 2648 perseueraret
875 2589 953 2652 ergo
976 2565 1012 2631 0.
1038 2565 1159 2631 ansar
1177 2566 1345 2630 exordium

335 2675 440 2720 nortae
459 2655 675 2719 ordinationis
694 2655 835 2720 initurus
853 2654 920 2719 dies
937 2676 1059 2736 omnes,
1077 2654 1132 2739 qui
1151 2653 1256 2717 adhuc
1270 2675 1345 2718 con·
1360 2672 1387 2711 eo

335 2745 496 2808 tirsionem
516 2749 667 2826 potermrt
685 2743 799 2825 secere,
822 2744 1032 2826 consumpsit
1051 2764 1152 2826 eaque
1171 2764 1205 2806 re
1224 2742 1348 2806 iactum

335 2835 400 2915 est,
432 2837 469 2897 nt
501 2853 604 2897 annus
636 2831 835 2897 contusionis
866 2832 1001 2896 ultimus
1030 2832 1064 2895 iu
1091 2830 1348 2915 qrradringeutos

336 2919 554 3005 ‹prradrnginta
572 2926 638 2984 tres
657 2919 725 2984 dies
744 2920 998 3004 protenderetur.
1030 2919 1181 3004 posthoc
1199 2920 1348 2983 imitatus

337 3006 531 3093 Aegyptios,
562 3008 651 3072 solos
683 3007 864 3072 diniunrnrn
895 3030 1001 3071 rernm
1030 3008 1172 3070 omnium
1199 3008 1349 3071 conscios

335 3097 376 3162 nd
399 3117 569 3162 nnmernrn
593 3096 681 3179 solia,
704 3097 758 3180 qni
782 3095 894 3159 diebus
913 3095 1044 3160 tricenis
1062 3095 1234 3177 sexaginta
1253 3095 1347 3178 qnin-
1361 3111 1388 3149 πε

336 3207 398 3272 «pne
417 3189 451 3250 et
469 3183 647 3270 qnndrnnte
665 3206 793 3250 cnrsnm
813 3185 951 3265 conticit,
974 3205 1093 3247 annum
1112 3182 1252 3267 dirigere
1272 3203 1348 3246 con·

304 3274 451 3340 ttondit
487 3294 562 3337 nani
586 3273 669 3337 sient
693 3274 813 3337 irritaris
835 3295 937 3338 annus
955 3272 1076 3336 mensis
1094 3278 1152 3352 est,
1175 3271 1250 3354 qnia
1269 3271 1349 3334 lnna

336 3363 434 3449 lauto
466 3363 573 3427 rninns
604 3384 699 3446 qrrnrn
733 3384 876 3427 mensem
909 3363 942 3425 in
975 3361 1098 3426 zodiaci
1124 3359 1350 3425 circumitione

336 3452 508 3525 ronsnrnit,
533 3453 578 3517 na
598 3451 676 3516 solis
695 3473 798 3516 arruns
818 3452 880 3515 boe
898 3451 1021 3516 dierum
1040 3473 1175 3515 numero
1193 3450 1350 3534 colligen-

410 3608 761 3665 snetnnnntedbnncP
811 3616 902 3662 tine
919 3609 945 3662 P
996 3608 1097 3661 tincto
1110 3607 1173 3661 BP
1228 3624 1351 3676 ponano

341 3678 376 3735 δ’
438 3680 514 3735 muro
539 3681 563 3734 1⁸
620 3678 758 3733 antoecis
778 3679 912 3734 lunias:
930 3683 1035 3732 mentio
1054 3677 1115 3730 BP
1169 3678 1356 3731 mterkalsrrt'

341 3753 366 3808 P
417 3749 605 3807 corut-nan
635 3750 658 3803 P
711 3749 798 3804 tsint
819 3751 846 3804 P
896 3748 1115 3804 trutcrksdruo
1133 3748 1162 3801 P
1195 3749 1295 3803 turrita
1312 3747 1349 3802 Β

342 3829 374 3876 tn
392 3821 559 3892 publicanus
576 3820 607 3874 dd
687 3828 716 3873 11
738 3820 821 3873 niodo
839 3828 933 3876 ancus
952 3839 1003 3872 αι.
1023 3820 1056 3872 B'
1139 3826 1171 3872 lt
1190 3821 1273 3887 garns
1289 3820 1353 3872 BP

340 3892 566 3946 retunxorrr·
637 3890 1070 3955 cassandrinus-rentur}
1143 3895 1175 3943 18
1193 3890 1355 3958 garnt'BP

338 3960 841 4017 samosatenus-meteraas15'
915 3961 1118 4031 qmdragrutoi
1136 3961 1164 4014 P
1232 3967 1267 4013 2³
1286 3960 1356 4015 deti

343 4030 375 4085 P
422 4032 706 4101 rnonuctoretnrrar't
722 4048 738 4085 e
753 4051 782 4084 ns
797 4035 864 4086 reat
879 4034 907 4087 P
956 4032 1074 4085 mrmnr'
1085 4029 1119 4084 K
1178 4036 1213 4084 tt
1228 4032 1356 4102 egiptrot'

343 4100 367 4157 d*
428 4109 463 4156 tt
484 4101 598 4169 rtagotn'
610 4112 670 4172 per
689 4101 787 4157 etrcbnt‘
801 4105 865 4157 ate.
888 4104 916 4157 P
984 4103 1104 4157 uramus
1120 4103 1152 4167 P,
1171 4102 1308 4157 nectunt
1325 4102 1353 4155 Β

337 4173 897 4242 rron1=parrstr=.srsmaras
951 4172 1209 4239 ”hassud
