3322 5190
592 883 643 940 VII
662 890 769 940 17-20
795 884 861 941 VIII
880 890 950 940 1-7
1214 884 1280 950 437

353 1044 398 1111 nt
420 1044 570 1113 Dissrius
599 1045 690 1114 ‘inda
717 1047 780 1114 hoc
807 1068 910 1134 genus
938 1047 1002 1113 cibi
1031 1046 1163 1113 difficile
1192 1046 1313 1134 ‹rige-2

265 1135 356 1219 ritur,
398 1135 481 1202 unde
521 1139 633 1222 putas,
674 1138 704 1203 ei
741 1137 957 1224 digestionem
995 1141 1071 1203 ante
1108 1133 1283 1221 prouisam.

266 1224 383 1291 leuitas
406 1224 508 1310 enim,
530 1247 628 1310 quam
651 1227 770 1292 tritura
793 1229 953 1312 praestat,
979 1225 1072 1310 facit,
1095 1229 1133 1291 ut
1155 1225 1285 1291 innatet

267 1314 331 1379 udo
358 1312 445 1397 cibo,
473 1336 569 1400 quam
597 1315 633 1381 in
661 1314 767 1381 medio
795 1315 919 1381 uentris
943 1314 1118 1396 inuenerit,
1145 1335 1205 1380 nec
1227 1313 1283 1379 ad-

239 1401 401 1468 shaerest
427 1402 493 1467 cuti
515 1403 654 1489 uentris,
682 1404 721 1469 da
745 1403 835 1469 cuius
859 1404 968 1469 calore
992 1403 1131 1489 digestio
1154 1423 1282 1486 promo·

271 1494 372 1556 uetur.
423 1491 470 1556 sic
503 1495 536 1556 et
567 1514 642 1558 mox
674 1493 788 1558 tritum
822 1494 919 1577 atque
945 1492 1121 1557 formatum
1149 1512 1222 1556 cum
1248 1490 1313 1556 in3

272 1600 389 1663 aquam
411 1580 554 1664 coicitur,
572 1584 673 1647 natat.
716 1603 753 1646 er
778 1601 842 1666 quo
860 1579 1072 1666 intellegitur,
1094 1579 1180 1664 quod
1198 1579 1282 1644 idam

271 1667 393 1733 iaciens
430 1669 464 1732 in
501 1669 625 1734 uentris
662 1669 798 1735 humore
835 1669 986 1734 subducit
1021 1690 1056 1733 ss
1092 1667 1284 1753 digestionis

271 1757 472 1841 necessitati,
499 1761 532 1823 at
559 1761 626 1823 tam
655 1780 728 1824 sero
754 1758 822 1824 illic
848 1759 1010 1843 coquitur,
1038 1778 1136 1841 quum
1159 1756 1284 1822 tardius

232 1872 258 1913 ro
273 1847 487 1913 coniiciuntur
513 1869 597 1934 quae
625 1870 745 1934 naporc
772 1871 875 1935 aquae
898 1870 994 1934 quam
1020 1869 1102 1933 quaa
1124 1848 1200 1933 igne
1221 1845 1285 1913 sol·

268 1942 399 2003 cuntur.
455 1937 570 2003 deinde
607 1938 684 2005 dum
720 1939 899 2005 instantius
936 1941 1064 2023 teritur,
1101 1936 1223 2002 multus
1255 1937 1285 2003 ei

269 2026 365 2092 flatus
398 2027 592 2108 inuquItur,
624 2030 681 2116 qui
712 2029 802 2115 priua
834 2029 867 2095 in
900 2031 1014 2095 uentre
1046 2027 1286 2093 consumendus

270 2121 329 2198 est,
348 2120 473 2182 uttam
492 2119 623 2184 demum
642 2119 841 2204 conficiatur,
859 2118 945 2203 quod
964 2118 1123 2184 remansit
1136 2118 1175 2182 da
1189 2139 1286 2182 carna

268 2205 333 2270 iam
357 2205 517 2271 liberum?

228 2315 254 2357 rs
357 2292 446 2358 ‘Hoc
482 2315 612 2378 quoque
652 2294 735 2359 scire
767 2293 865 2359 aueo’
897 2293 1016 2359 Furius
1048 2293 1154 2377 inquit
1185 2290 1316 2378 ‘quae4
1385 2329 1387 2333 ν

269 2380 370 2446 facist
407 2403 517 2466 causa,
554 2403 619 2447 non
657 2383 765 2447 nullos
798 2404 911 2449 carnes
947 2382 1122 2447 ualidiores
1154 2380 1284 2447 facilius

269 2470 417 2554 digerere
446 2493 542 2557 quum
572 2472 708 2536 tenues?
754 2494 829 2536 nam
854 2493 926 2536 cum
950 2471 1015 2538 cito
1038 2474 1180 2555 coquant
1202 2471 1284 2536 offas

269 2559 425 2644 bubulas,
457 2561 491 2625 in
525 2561 650 2644 asperis
678 2560 822 2644 piscibus
850 2560 1087 2646 concoquendis
1114 2557 1283 2625 laborent?

270 2647 321 2713 ‘in
349 2647 416 2712 his'
442 2647 589 2715 Dissrius
618 2648 666 2713 ait
688 2647 800 2714 ‘huius
828 2650 875 2713 rei
905 2654 1018 2714 auctor
1046 2652 1096 2713 est
1123 2647 1225 2713 nimia
1247 2647 1314 2716 ini)

231 2736 403 2803 cohomina
431 2737 481 2803 uis
505 2737 634 2803 caloris:
663 2759 745 2822 quae
769 2738 797 2802 si
819 2737 967 2802 idoneam
992 2737 1158 2800 materiem
1183 2736 1283 2802 susci·

269 2827 334 2910 pit,
358 2824 458 2890 libera
482 2825 672 2910 suscipitur,
695 2825 797 2891 libere
820 2825 1044 2910 congreditur,
1067 2827 1100 2889 et
1123 2825 1187 2890 cito
1212 2846 1284 2890 aam

269 2916 303 2979 in
331 2915 574 2979 concertatione
601 2915 778 2997 consumit,
806 2914 911 2980 leuem
940 2913 1036 2979 modo
1064 2914 1222 2998 praeterit
1248 2917 1284 2978 ut

269 3000 441 3087 latentem,
474 3003 569 3069 modo
601 3003 636 3067 in
670 3002 809 3068 cinerem
844 3002 954 3087 potius
983 3024 1080 3088 quam
1108 3002 1143 3066 in
1171 3023 1284 3067 sucum

269 3093 368 3156 uertit
390 3094 428 3157 ut
449 3090 596 3179 ingentia
613 3092 733 3158 robora
756 3092 789 3156 in
814 3092 990 3157 carbonum
1014 3092 1120 3157 frusta
1141 3090 1284 3156 lucentia

230 3180 345 3266 ssiguc
374 3185 560 3268 uertuntur,
591 3183 703 3268 palaea
735 3182 763 3246 si
791 3181 826 3245 in
852 3181 963 3267 ignem
991 3180 1176 3265 ceciderint,
1208 3203 1284 3246 mox

270 3270 374 3336 solum
407 3271 447 3336 da
479 3272 526 3336 eis
559 3272 699 3337 cinerem
733 3273 836 3335 restat
867 3270 977 3336 uideri.
1027 3269 1129 3335 habes
1160 3272 1195 3334 et
1221 3269 1315 3338 hoco

271 3360 453 3444 exemplum
486 3382 552 3425 non
585 3361 751 3425 dissonum
785 3359 870 3444 quod
904 3359 1067 3445 potentior
1100 3359 1189 3424 mols
1216 3381 1284 3424 am·

270 3449 378 3534 plioru
400 3470 504 3535 graus
527 3450 717 3535 confringit,
740 3449 870 3536 integra
892 3449 960 3533 illa,
983 3470 1065 3534 quae
1087 3452 1165 3514 sunt
1183 3448 1285 3514 minu·

271 3541 370 3623 tiors,
407 3539 619 3604 transmittit:
656 3542 754 3604 uento
792 3537 891 3604 nimio
930 3536 1019 3604 abies
1056 3540 1113 3603 aut
1149 3559 1285 3624 quercus

233 3649 261 3690 eo
275 3629 436 3713 eualIitur,
458 3651 594 3693 cannam
619 3628 710 3693 nulla
732 3627 826 3693 facilc
849 3627 974 3713 frangit
996 3625 1159 3712 procella?

360 3716 505 3802 Cumque
519 3717 636 3782 Furius
655 3717 833 3782 delectatus
848 3717 1030 3782 enarrantis
1044 3717 1175 3802 ingenio
1190 3716 1285 3800 plura
1298 3720 1316 3782 7

271 3806 372 3871 uellet
400 3805 615 3891 interrogare,
648 3803 789 3870 Caecina
816 3825 850 3869 se
877 3802 1018 3868 Albinus
1046 3803 1167 3870 obiecit
1194 3802 1286 3868 ‘mihi

273 3916 399 3981 quoque
423 3894 618 3960 desiderium
643 3898 694 3960 est
716 3893 856 3959 habendi
880 3894 1045 3978 paulisper
1066 3893 1190 3979 negotii
1211 3913 1285 3959 cum

272 4041 280 4047 ι
288 4040 484 4048 ..ῃ-..μ-.-----

343 4124 434 4178 tudo
452 4141 503 4180 om.
523 4123 552 4178 P
625 4123 755 4178 toaloro
773 4118 810 4176 P'
891 4120 1040 4175 tirrmati’r
1065 4121 1091 4173 P
1172 4127 1205 4175 10
1224 4136 1289 4176 con·

273 4195 366 4249 ircrtur
385 4195 413 4247 P
493 4199 525 4247 13
545 4194 580 4248 de
599 4210 681 4248 corna
700 4210 750 4247 om.
771 4192 799 4247 P
877 4197 912 4245 20
933 4190 1054 4245 hominis
1070 4192 1098 4244 P
1174 4196 1209 4245 24
1228 4207 1289 4245 car·

274 4263 345 4319 bont·
365 4264 465 4318 iruitru
483 4265 511 4318 P
564 4269 598 4317 28
618 4279 708 4333 grana
726 4263 879 4331 confringit
895 4264 927 4317 in
944 4277 1000 4316 roa.
1019 4264 1051 4314 iu
1069 4260 1098 4313 P
