3322 5190
737 834 897 890 vlso-ss
1261 835 1328 902 509

314 994 439 1079 concipi
469 995 603 1061 formari
626 996 677 1062 edi
699 995 810 1063 uiuere
838 998 882 1064 ali
906 1019 944 1065 ac
966 1019 1025 1084 per
1047 1019 1160 1064 omnes
1183 999 1329 1064 aetatum

315 1084 435 1170 gradus
466 1083 551 1149 tradi
584 1088 731 1151 senectae
764 1089 861 1171 atque
894 1086 1027 1153 omnino
1059 1089 1210 1154 constare
1241 1086 1330 1154 facit.

316 1195 391 1239 nam
414 1176 451 1238 ut
474 1172 554 1239 illud
573 1175 748 1257 taceamus,
772 1174 858 1258 quod
878 1178 1006 1241 uterum
1028 1176 1121 1241 nulla
1138 1176 1172 1240 ui
1195 1175 1329 1242 seminis

317 1265 508 1346 occupatum
532 1261 594 1327 hoc
613 1261 737 1327 dierum
756 1284 889 1329 numero
909 1267 1027 1329 natura
1045 1263 1217 1329 constituit
1239 1265 1332 1330 uelut

289 1350 445 1416 rdecretc
464 1351 687 1416 exonerandae
706 1351 851 1417 mulieris
870 1351 1024 1437 uectigali
1041 1373 1152 1417 mense
1174 1353 1330 1418 redeunte

318 1438 458 1523 purgari,
472 1440 533 1505 hoc
547 1443 658 1504 tamen
677 1439 946 1524 praetereundum
960 1462 1028 1506 non
1042 1443 1101 1525 est,
1119 1440 1197 1526 quia
1210 1462 1330 1526 semen,

317 1527 404 1614 quod
432 1532 507 1612 post
531 1529 653 1594 iactum
678 1529 729 1594 sui
752 1529 838 1594 intra
864 1529 961 1595 horas
984 1532 1108 1612 septem
1138 1551 1205 1595 non
1232 1528 1333 1595 fuerit
1364 1552 1366 1557 ·

318 1617 353 1681 in
367 1615 559 1682 effusionem
574 1617 748 1703 relapsum,
762 1618 906 1683 haesisse
920 1619 956 1683 in
975 1619 1077 1684 uitam
1091 1618 1331 1702 pronuntiatur.

319 1721 429 1771 uerum
450 1707 570 1772 semine
593 1707 693 1772 semel
716 1708 805 1773 iutra
827 1707 987 1773 formandi
1005 1707 1147 1772 hominis
1166 1709 1331 1773 monetam
1342 1707 1385 1773 63

279 1813 305 1853 1⁰
320 1795 427 1862 locato
459 1796 520 1863 lioe
551 1797 692 1882 primum
725 1797 841 1863 artifex
877 1800 996 1862 natura
1032 1795 1180 1881 molitur,
1211 1799 1250 1861 ut
1280 1795 1332 1861 die

319 1885 457 1968 septimo
490 1887 670 1952 folliculum
707 1888 882 1972 genuinum
920 1885 1096 1952 circumdet
1130 1885 1261 1951 humori
1293 1907 1333 1950 ex

320 1975 508 2040 membrana
526 1979 593 2040 tam
614 1976 712 2059 tenui,
737 1976 843 2060 qualis
861 1976 895 2039 in
919 1997 982 2041 ouo
1006 1975 1047 2039 ab
1071 1974 1229 2039 exteriore
1248 1975 1334 2039 festa

320 2063 481 2128 clauditur
508 2068 543 2127 st
570 2065 656 2128 intra
684 2085 718 2128 se
752 2063 873 2129 claudit
903 2063 1071 2148 liquorem.
1121 2061 1186 2128 hoc
1213 2084 1286 2128 cum
1315 2063 1388 2129 264

321 2149 462 2233 physicis
486 2150 719 2234 deprehensum
744 2152 802 2232 sit,
828 2150 1074 2216 Hirrocimrns
1102 2172 1230 2235 quoque
1253 2149 1334 2234 ipse,

280 2237 377 2321 aqui
400 2239 468 2301 tem
491 2237 604 2301 fallere
626 2259 724 2321 quam
747 2237 817 2301 falli
840 2237 959 2319 nescit,
990 2237 1202 2321 experimenti
1224 2240 1334 2302 certus

322 2324 478 2406 adseruit,
506 2325 646 2389 referens
675 2325 708 2389 in
741 2342 861 2410 aiano,
888 2325 943 2410 qui
975 2343 1022 2389 nn
1053 2341 1195 2390 ns'rviui
1226 2341 1335 2390 runai

323 2413 524 2497 inscribitur,
552 2415 616 2478 talo
644 2414 776 2479 seminis
805 2415 1044 2498 receptaculum
1073 2415 1112 2480 ile
1140 2417 1233 2480 uioro
1264 2414 1333 2480 eius

322 2503 469 2590 eiectum,
488 2526 584 2589 quoni
600 2504 738 2588 septimo
757 2507 833 2590 post
846 2509 1037 2590 conceptum
1057 2504 1108 2570 dio
1123 2504 1334 2571 intellexerat

323 2594 490 2659 mulierem
510 2595 595 2660 eiiim
615 2594 738 2660 somine
757 2616 823 2660 riou
843 2596 943 2661 effuso
962 2618 1004 2661 ne
1022 2593 1160 2682 grauida
1178 2599 1335 2678 maneret,

282 2701 309 2742 ²⁰
324 2687 470 2749 orantem
490 2685 707 2769 imperauerat
725 2683 862 2749 saltibus
882 2684 1047 2768 concitari,
1066 2684 1175 2769 situas
1194 2684 1334 2768 septimo

323 2773 375 2838 die
412 2774 529 2838 saltum
567 2772 740 2857 septimum
777 2772 921 2839 eiciendo
964 2795 1036 2840 cum
1077 2773 1137 2838 tali
1178 2772 1337 2859 folliculo,

323 2863 451 2946 qualem
482 2884 581 2947 supra
607 2863 805 2945 rettulimus,
835 2863 999 2929 suffecisse
1026 2862 1206 2948 conceptui.
1255 2862 1336 2927 haec

322 2949 550 3035 Hippocrates.
609 2949 775 3016 Sinaros
821 2950 1055 3036 Peripateticus
1101 2953 1135 3014 et
1179 2949 1390 3017 Dioomasfib

324 3039 493 3125 Carystius
512 3061 570 3123 per
588 3042 738 3124 septenos
758 3039 827 3106 dies
847 3042 995 3125 concepti
1015 3040 1160 3125 corporis
1178 3039 1337 3105 fabricam

284 3147 310 3188 ir·
325 3130 384 3194 liae
412 3129 639 3194 obseruatione
672 3129 875 3214 dispensant,
902 3135 939 3195 ut
967 3129 1169 3196 hebdomade
1196 3127 1338 3194 secunda

324 3218 456 3282 credant
479 3222 590 3303 guttas
610 3220 778 3304 sanguinis
797 3220 831 3284 in
850 3220 1019 3304 superficie
1038 3218 1187 3302 folliculi,
1210 3216 1249 3282 de
1274 3239 1338 3302 quo

325 3307 478 3389 diximus,
506 3327 677 3389 apparere,
704 3308 802 3372 tertia
829 3307 975 3394 demergi
1002 3329 1057 3372 eas
1085 3307 1264 3371 introrsum
1298 3304 1339 3369 ad

324 3394 431 3474 ipsum
453 3393 675 3476 conceptionis
698 3394 877 3477 humorem,
900 3397 1016 3479 quarta
1037 3395 1207 3458 humorem
1231 3393 1338 3477 ipsum

444 3519 537 3526 ...-..—-

397 3599 430 3648 18
449 3612 477 3664 p.
496 3599 559 3663 236,
577 3593 595 3648 l.
615 3598 650 3648 24
669 3595 712 3650 sd.
731 3593 858 3649 Frauccf.

325 3710 537 3718 ——--.—-...

398 3781 591 3851 lconcipitur
608 3781 640 3836 ai'
657 3781 742 3849 fallor
762 3780 801 3833 P'
860 3783 978 3845 tanen
995 3778 1023 3831 Β
1078 3781 1111 3831 12
1130 3776 1257 3830 membra
1274 3774 1343 3830 nata

326 3848 458 3906 tenuili
541 3849 650 3906 nuoB‘
730 3857 762 3906 14
781 3849 947 3921 philfroifB
1019 3845 1233 3910 ldaffermtB
1309 3850 1342 3899 is

327 3921 410 3992 quale
429 3921 464 3994 B,
484 3929 541 4010 qua
561 3924 595 3988 P,
613 3924 626 3975 l
644 3920 727 3991 quale
746 3920 810 3976 edd.
819 3937 848 4045 p
911 3925 947 3973 20
965 3918 1114 4041 inponerat
1130 3917 1159 3970 Β
1215 3921 1248 3971 21
1269 3915 1343 3970 falti'i

327 3995 446 4064 septimii
465 3995 493 4047 P
595 3997 628 4046 22
653 3989 800 4046 retulimus
937 3995 971 4044 23
1013 3987 1183 4058 yppocrates
1203 3986 1238 4056 P,
1262 3987 1342 4057 hipo-

327 4065 415 4119 cralel
434 4067 461 4119 Β
535 4064 634 4118 Srulon
652 4063 680 4115 B
753 4067 787 4115 24
807 4060 933 4116 ccriftiuf
948 4060 975 4114 Β
1047 4063 1081 4112 tt
1096 4065 1161 4128 post
1184 4058 1344 4129 difpeufant

328 4137 379 4192 del.
399 4138 483 4206 gutta
498 4133 599 4204 fanginl
617 4135 648 4186 i'ii
663 4134 690 4188 Β
744 4130 900 4186 ebdomade
915 4130 947 4198 P,
962 4130 1117 4200 epdomade
1131 4131 1159 4185 Β
1214 4136 1248 4186 26
1262 4129 1348 4200 gutef

330 4205 376 4274 P',
396 4210 476 4277 gritfi'i
495 4204 530 4261 Β
584 4208 617 4256 27
638 4202 758 4271 dimergi
776 4203 804 4257 Β
