3322 5190
310 785 377 849 «102
692 784 769 841 Ser.
787 784 886 840 LlBltl
903 785 942 841 Vl

280 946 394 1031 nesto,
417 947 560 1031 inquam,
583 967 659 1011 oues
683 946 832 1011 bidentes
856 947 1014 1013 dieantur.
1054 947 1109 1012 sed
1134 970 1215 1033 quae
1239 950 1324 1013 ratio

312 1035 409 1100 huius
432 1035 468 1098 in
491 1035 607 1099 ouibus
631 1034 779 1116 epitheti,
808 1036 903 1117 scire,
929 1036 1075 1118 inquam,
1098 1035 1183 1100 uolo.
1229 1041 1325 1120 atque

312 1122 369 1186 ille
392 1121 475 1186 nihil
498 1125 684 1186 cunctatus:
708 1143 795 1207 oues,
818 1122 934 1207 inquit,
957 1123 1104 1188 bidentes
1124 1123 1230 1187 dietae
1249 1129 1326 1188 sunt

311 1209 399 1294 quod
435 1210 515 1275 duos
552 1213 681 1274 tantum
718 1210 829 1275 dentm
866 1211 1018 1275 habeant.
1072 1211 1127 1276 ubi
1166 1215 1324 1276 terrarum

310 1321 431 1383 quaeso
464 1305 509 1382 te,
541 1298 687 1384 inquam,
719 1299 800 1365 duos
833 1299 920 1366 solos
948 1322 1005 1385 per
1032 1303 1183 1366 naturam
1211 1300 1323 1365 dentes
1350 1323 1365 1366 a

309 1389 431 1454 habere
463 1410 541 1452 oues
571 1387 745 1473 aliquando
774 1389 906 1454 uidisti?
957 1393 1121 1455 ostentum
1149 1390 1235 1454 enim
1262 1389 1324 1454 hoe

278 1477 369 1558 dest,
388 1481 421 1541 et
439 1476 537 1541 laetis
555 1476 692 1561 piaculis
711 1475 958 1561 procurandum.
994 1481 1062 1541 tum
1082 1478 1138 1542 ille
1157 1481 1323 1563 permotus

310 1565 392 1630 milri
407 1568 440 1629 et
452 1563 621 1629 inritatus:
641 1586 768 1649 quaere,
786 1566 901 1649 inquit,
916 1587 962 1649 ea,
977 1587 1059 1651 quae
1075 1589 1094 1629 s
1109 1565 1323 1650 grammatico

312 1651 496 1737 quaerenda
533 1656 622 1738 sunt5
658 1675 733 1716 nam
766 1653 805 1718 de
838 1653 946 1717 ouium
981 1653 1131 1718 dentibus
1164 1652 1322 1738 opiliones

311 1744 527 1826 percontator.
574 1740 709 1805 facetias
736 1741 907 1806 nebulonis
935 1742 1078 1807 hominis
1106 1741 1163 1806 risi
1192 1745 1225 1805 et
1249 1740 1320 1806 reli·
1336 1766 1364 1806 ro

311 1831 382 1914 qui,
409 1830 464 1893 sed
493 1833 527 1892 te
552 1833 726 1912 percontor
748 1829 841 1912 quasi
864 1830 965 1912 ipsius
989 1831 1162 1895 uerborum
1185 1831 1323 1895 naturae

313 1916 500 1984 conscium?

281 2006 303 2069 4
401 2003 484 2069 Tum
517 2001 648 2069 Seruius
685 2004 736 2069 ‘de
772 2027 906 2070 numero
944 2005 1101 2089 dentium,
1138 2027 1232 2090 quem
1268 2005 1323 2069 ille

312 2094 463 2180 opinatus
488 2097 546 2173 est,
569 2093 850 2177 reprehendendus
876 2119 895 2159 a
919 2117 969 2159 me
993 2118 1057 2160 non
1080 2098 1138 2178 est,
1162 2096 1322 2179 cumipse

311 2185 377 2249 iam
400 2183 519 2267 riseris,
542 2203 654 2247 uerum
678 2182 915 2267 procurandum
935 2188 993 2268 est,
1016 2206 1056 2248 ne
1075 2184 1154 2249 illud
1174 2187 1362 2269 oprepat,1e

311 2270 397 2359 quod
421 2272 597 2336 bidentes
620 2271 787 2355 epitheton
812 2273 856 2336 sit
875 2273 994 2352 ouium,
1016 2294 1090 2337 cum
1108 2272 1322 2353 Poueonrvs,

311 2362 462 2447 egregius
486 2358 711 2425 Atellanarum
734 2363 841 2444 poeta,
862 2361 897 2424 in
915 2360 1044 2426 Gennrs
1063 2360 1323 2426 Tasussnrrurs

310 2449 373 2515 hoe
396 2448 562 2532 scripserit

356 2571 459 2656 Mars,
481 2571 541 2636 tibi
565 2593 668 2636 uoueo
691 2570 866 2655 iacturum,
890 2572 918 2637 si
942 2594 1084 2656 unquam
1109 2573 1246 2654 rediero,

356 2661 487 2726 bidente
511 2682 612 2724 uerre.
1339 2684 1366 2724 20

281 2786 466 2852 5Pvunrvs
499 2790 606 2849 autem
635 2784 800 2851 Nruuuvs
830 2787 863 2849 iu
892 2787 988 2870 libro,
1022 2809 1116 2870 quem
1145 2804 1191 2849 nu
1222 2804 1323 2852 suris

313 2877 493 2959 conposuit,
516 2875 694 2939 bidentes
719 2875 910 2958 appellari
935 2876 982 2938 ait
1000 2896 1075 2939 non
1095 2897 1184 2939 oues
1204 2877 1325 2958 solus,

314 2963 378 3028 sed
394 2985 523 3027 omnes
539 2964 690 3026 hostias
707 2965 838 3026 bimas.
864 2984 967 3044 neque
983 2968 1091 3026 tumen
1107 2964 1195 3042 dixit,
1210 2963 1325 3026 surita

282 3051 526 3134 duppellentur.
555 3050 610 3113 sed
626 3051 659 3113 in
675 3049 943 3113 Conusuunuus
959 3069 1005 3112 sn
1026 3068 1080 3114 1vs
1096 3067 1324 3115 resumimus

313 3138 551 3222 pertinentibus
581 3139 645 3221 legi
676 3138 861 3202 bidenues
891 3138 995 3220 primo
1024 3139 1141 3220 dictas,
1169 3157 1192 3202 n
1217 3139 1366 3202 littereas

314 3249 352 3291 ex
385 3226 563 3310 superfluo,
595 3229 632 3289 ut
664 3248 758 3309 saepe
792 3227 930 3308 adsolet,
964 3227 1142 3290 interiecta.
1192 3228 1238 3290 sio
1265 3248 1324 3309 pro

314 3317 415 3379 reiro
443 3315 567 3378 redire
596 3314 713 3378 dieitur
741 3319 774 3378 et
798 3337 854 3398 pro
878 3338 1049 3379 reamare
1074 3315 1269 3378 redamare
1293 3321 1326 3378 et

314 3405 560 3488 redarguere,
575 3425 639 3466 non
655 3425 871 3487 reurguere.
904 3403 944 3467 ad
955 3403 1080 3467 hiatum
1092 3405 1177 3467 enim
1189 3404 1323 3468 duarum

284 3492 477 3556 'luooelium
502 3492 737 3573 procurandum
760 3493 922 3573 interponi
942 3493 1026 3555 solet
1044 3511 1068 3554 n
1088 3493 1205 3557 littera.
1246 3513 1323 3575 ergo

388 3690 419 3736 19
440 3703 464 3737 u.
486 3688 518 3736 52
538 3681 581 3735 ed.
602 3688 616 3734 2
637 3681 718 3737 Ribb.

383 3860 506 3915 bnrclul
526 3861 553 3913 P
604 3860 674 3913 nuel
689 3861 726 3914 P'
784 3867 816 3912 15
836 3861 907 3914 inter
925 3859 1073 3933 peurandu
1093 3867 1118 3915 et
1135 3879 1169 3914 na
1188 3868 1323 3928 comparet

313 3934 405 3988 littera
426 3950 496 4001 quae
515 3947 530 3984 e
544 3933 631 4000 pleno
650 3949 705 3986 arou
724 3933 826 3988 estred
844 3933 988 3997 ructuasse
1008 3933 1119 3986 uidetur
1134 3933 1289 4000 piupendue
1308 3949 1323 3984 e

312 4003 493 4059 cuusainP
545 4004 663 4070 oprebat
682 4000 717 4056 P‘
776 4009 806 4056 17
827 4002 983 4055 atellenan'r
1002 4002 1030 4054 P
1083 4009 1113 4055 21
1135 4020 1163 4054 rn
1183 4001 1323 4074 libroque

313 4076 348 4129 ab
376 4073 461 4146 etatis
486 4074 679 4142 magnitudine
696 4075 700 4144 Ι
717 4074 751 4128 de
780 4073 853 4127 extis
872 4072 997 4140 coposurt
1019 4073 1046 4124 P
1139 4079 1172 4125 20
1196 4090 1323 4146 prersre

313 4147 419 4215 (potuit
436 4161 489 4200 esse
507 4146 597 4211 reure)
618 4144 645 4197 P
