3322 5190
334 819 376 885 78
679 851 684 860 ·
724 817 803 874 ΒΔΤ.
821 818 921 874 LIBRI
939 819 952 873 1

333 980 390 1046 sed
413 980 589 1046 Verrium
612 979 791 1047 Flaccum
818 981 897 1046 iuris
923 982 1082 1064 pontificii
1109 986 1343 1068 peritissimum

332 1068 439 1134 dicore
471 1071 604 1135 solitum
632 1070 733 1134 refert
760 1069 898 1153 VARRO,
925 1070 1015 1153 quis
1045 1071 1158 1137 feriis
1191 1079 1344 1160 tergere

333 1163 488 1222 ueteres
522 1156 651 1221 fossas
685 1159 838 1237 liceret,
870 1177 992 1222 nouas
1024 1158 1153 1224 facere
1184 1162 1243 1226 ius
1271 1184 1344 1228 nou

333 1249 452 1326 esset,
475 1244 561 1309 ideo
585 1246 709 1331 magis
732 1245 862 1311 uiduis
885 1267 996 1330 quam
1015 1246 1240 1331 uirginibus
1259 1249 1345 1315 ido-

279 1334 423 1400 22neas
447 1355 531 1400 csse
559 1334 681 1400 leriae
704 1335 750 1401 ud
773 1334 997 1400 nubendum.
1043 1336 1182 1402 subiciet
1205 1339 1340 1423 uliquis:
1369 1361 1385 1401 a

331 1445 388 1490 our
415 1445 494 1510 ergo
518 1421 637 1508 Nouis,
664 1424 693 1490 si
722 1423 856 1491 feriatus
879 1423 947 1491 dics
970 1446 1035 1492 non
1060 1429 1124 1511 est,
1151 1426 1344 1511 prohibetur

331 1513 504 1580 celebritas
535 1514 745 1598 nuptiarum?
794 1514 891 1579 huius
924 1535 1053 1600 quoque
1084 1518 1131 1581 rei
1163 1518 1196 1582 in
1228 1523 1343 1603 aperto

330 1623 429 1668 causa
462 1609 522 1671 est
572 1625 648 1668 narn
680 1605 756 1690 quia
787 1604 911 1687 primus
941 1604 1128 1689 nuptiarum
1155 1606 1224 1671 dies
1251 1630 1343 1672 ucre-

330 1692 467 1757 oundiae
492 1693 602 1776 datur,
629 1693 785 1777 postridie
809 1695 918 1757 autem
940 1697 1078 1778 nuptam
1100 1695 1134 1759 in
1157 1694 1255 1760 domo
1279 1696 1341 1760 uiri

331 1778 512 1845 dominium
530 1783 673 1865 incipere
691 1786 822 1866 oportet
842 1781 979 1864 adipisci
998 1786 1031 1846 ct
1048 1804 1116 1846 rem
1135 1783 1241 1847 lacere
1260 1784 1342 1848 diui·
1357 1807 1384 1845 ro

331 1888 419 1953 narn,
438 1890 552 1933 omnes
571 1873 681 1933 autern
699 1869 904 1952 postriduani
923 1870 1000 1951 dies,
1018 1890 1075 1933 sou
1088 1875 1164 1953 poet
1177 1869 1341 1936 Kalendas

332 1957 401 2020 eiue
423 1961 501 2039 post
523 1955 634 2021 Nonas
657 1955 789 2040 Idusue,
818 1978 857 2021 cx
880 1978 983 2040 ecquo
1006 1957 1071 2021 atri
1094 1963 1184 2040 eunt,
1212 1958 1286 2023 ideo
1309 1967 1343 2022 et

330 2041 446 2108 Nonas
474 2043 635 2109 inhabiles
663 2045 785 2127 nuptiis
813 2065 883 2109 esse
906 2045 1068 2128 dixerunt,
1094 2065 1135 2107 ne
1156 2049 1260 2128 nupta
1283 2051 1342 2111 aut

331 2138 465 2216 postero
488 2131 541 2196 dio
565 2132 751 2196 libertatem
775 2133 997 2216 auspicaretur
1020 2133 1166 2198 uxoriam
1189 2138 1247 2197 aut
1269 2139 1341 2198 atro

330 2218 525 2303 immolaret,
548 2243 612 2306 quo
636 2221 728 2284 nefas
751 2225 802 2284 est
824 2242 917 2286 sacra
939 2221 1104 2285 celebrari.
1355 2242 1381 2282 ra

277 2304 357 2374 XVI
419 2307 483 2375 Sed
506 2309 584 2394 quia
607 2330 667 2374 nos
690 2308 731 2372 ad
755 2309 1094 2373 commemorationem
1117 2308 1241 2376 dierum
1261 2309 1341 2376 ordo

330 2397 469 2475 deduxit,
492 2398 532 2462 de
555 2397 616 2461 boc
636 2417 777 2480 quoquo,
800 2396 885 2480 quod
910 2395 991 2460 llori
1014 2397 1118 2461 nostri
1141 2400 1340 2463 consultatio

299 2485 489 2568 deontinct,
522 2507 625 2569 pauca
654 2485 790 2550 dicenda
817 2488 901 2550 suut
950 2483 1060 2550 Numa
1087 2485 1184 2549 utin
1213 2509 1341 2553 menses

329 2597 465 2658 annum,
487 2575 535 2638 ita
557 2575 590 2637 in
614 2574 682 2637 dies
706 2595 851 2638 mensem
874 2594 1032 2656 quemque
1054 2572 1235 2657 distribuit,
1258 2576 1340 2642 dies-

328 2684 390 2748 que
410 2685 524 2728 omncs
538 2667 596 2727 aut
616 2662 740 2727 festos
759 2669 817 2728 aut
834 2663 1035 2747 profestos
1055 2669 1112 2727 aut
1129 2662 1339 2728 intercisos
1354 2687 1381 2724 ro

328 2754 468 2818 uocauit
512 2751 604 2816 festi
628 2752 678 2816 dis
702 2751 799 2816 dicati
824 2756 909 2835 suut,
932 2750 1067 2835 profesti
1086 2750 1273 2817 homiuibus
1297 2755 1339 2819 ob

329 2841 619 2907 administrandam
649 2863 716 2905 rcur
746 2842 908 2924 priuatam
937 2841 1162 2926 publicamque
1185 2842 1339 2926 concessi,

298 2931 511 2996 3intercisi
526 2930 658 2995 deorum
674 2930 905 3014 hominumque
919 2950 1106 2994 communes
1117 2935 1200 2994 sunt
1223 2931 1339 2996 festis

329 3021 441 3083 insunt
473 3019 631 3083 sacrificia
660 3019 775 3102 epulae
802 3019 870 3082 ludi
899 3019 1012 3096 feriae,
1045 3017 1233 3102 profestis
1262 3020 1338 3084 fusti

328 3107 509 3172 comitiales
532 3107 773 3190 comperaudiui
793 3107 872 3171 stati
891 3106 1077 3190 proeliares,
1099 3106 1279 3171 intercisi
1302 3107 1336 3172 in
1351 3126 1377 3165 aa

328 3217 371 3279 sa,
390 3217 455 3261 non
470 3195 505 3259 iu
520 3196 585 3260 alia
599 3195 801 3259 diuiduntur:
821 3195 953 3259 illorum
968 3195 1053 3259 enim
1068 3195 1191 3258 dicrum
1205 3195 1338 3278 quibus·

329 3285 404 3349 dam
427 3285 517 3349 horis
542 3286 592 3349 lus
616 3291 676 3368 cst,
699 3285 891 3368 quibusdum
917 3283 965 3347 lus
990 3305 1055 3349 non
1077 3288 1129 3349 ost
1150 3283 1201 3348 ius
1223 3284 1339 3350 dicere.

327 3396 403 3439 nam
434 3397 506 3439 cum
531 3374 640 3439 hostia
663 3373 821 3457 caeditur,
849 3375 912 3438 furi
935 3374 1027 3438 nelaa
1051 3379 1114 3452 est,
1136 3373 1220 3437 inter
1243 3395 1340 3439 caesa

327 3469 361 3529 et
383 3469 533 3549 porrecta
556 3465 617 3529 lari
640 3465 729 3546 licet,
753 3486 874 3548 rursus,
897 3486 969 3528 curu
993 3463 1140 3527 adoletur
1162 3485 1228 3527 uon
1251 3463 1337 3528 licet.

326 3573 405 3638 ergo
429 3553 467 3618 dc
489 3553 648 3617 diuisione
671 3555 858 3618 festorum
879 3558 913 3617 et
935 3553 1194 3637 profestorum
1213 3552 1377 3617 dicrumso

326 3642 425 3707 latius
450 3641 669 3707 disserendum
693 3648 751 3707 est.

398 3805 411 3853 1
428 3799 580 3854 Veranium
597 3800 627 3854 0.
643 3800 812 3869 lliracbsebl‚
832 3800 941 3856 Wiener
955 3799 1072 3855 Studien
1087 3798 1149 3851 111
1162 3802 1216 3852 110
1267 3816 1337 3868 pen-

324 3887 447 3945 trlTrmira
463 3892 468 3959 Ι
485 3890 513 3943 Ρ
572 3895 588 3943 8
607 3890 669 3944 drus
682 3908 733 3946 oua
753 3890 781 3943 B
845 3896 876 3942 ll
897 3872 1033 3958 pausillis
1053 3888 1088 3957 B,
1107 3886 1274 3956 poltndram
1292 3889 1332 3956 (P

327 3977 531 4031 remansere
583 3985 615 4033 rr
635 3979 718 4033 onB
768 3978 879 4032 nroP'
931 3976 1171 4032 consmuoosl’
1223 3963 1335 4030 ranuffi

323 4048 353 4102 Β
415 4067 443 4102 rn
462 4065 512 4104 oea.
533 4047 568 4102 1⁷
633 4045 921 4119 urpsublrccq.1P'
964 4054 1016 4127 ,al
1034 4048 1153 4101 ludriers
1171 4052 1203 4100 ut
1220 4048 1280 4100 uid.
1300 4041 1335 4099 Β

323 4124 358 4172 25
377 4119 564 4174 commatralcl
579 4119 607 4172 B
659 4119 811 4190 proelralel
825 4119 853 4173 P
909 4124 944 4171 26
963 4134 1019 4170 non
1038 4119 1065 4170 B
1141 4122 1176 4171 29
1194 4116 1287 4170 rurlul
1303 4145 1336 4155 -

324 4190 392 4244 licat
409 4206 458 4245 orn.
480 4192 507 4244 P
560 4197 594 4245 80
613 4192 648 4247 de
666 4209 716 4247 oue.
737 4187 772 4244 Β
827 4189 1017 4259 proiectorum
1037 4186 1072 4243 Β
