3322 5190
383 795 453 865 uo
612 796 1168 858 commemoremur

385 959 520 1063 erupit
564 959 773 1047 huemm,
800 962 1402 1065 qneevodguooetnr,qnepetrem

385 1046 533 1135 inrproit,
563 1047 695 1133 plenem
725 1049 972 1116 similitudinem
1004 1051 1115 1114 umet
1140 1048 1299 1132 enetorie,
1330 1047 1404 1114 sni·

356 1134 477 1203 'ionem
505 1155 583 1202 uero
606 1135 647 1201 de
671 1156 707 1201 se
728 1139 819 1204 erest
839 1136 1021 1223 posteriore
1042 1135 1224 1220 reepieiene
1267 1155 1403 1201 mrenm

388 1223 499 1290 enims
532 1225 672 1309 petrem,
707 1243 772 1307 qne
801 1223 958 1309 intuetur,
993 1222 1138 1289 induitur
1169 1244 1208 1289 ee
1237 1221 1401 1308 penistim

387 1308 590 1397 regrediente
611 1314 759 1396 reemetu
780 1311 816 1378 in
837 1311 995 1378 iehrioem
1015 1330 1188 1396 corporum
1205 1310 1401 1394 incorporee
1428 1326 1445 1368 ι

386 1398 460 1555 Ἑρ
485 1398 674 1485 degeneret,
700 1397 800 1466 hebet
826 1420 903 1486 ergo
933 1405 968 1465 et
989 1398 1198 1484 purissiman
1220 1419 1260 1463 ex
1281 1399 1402 1482 mente,

472 1508 515 1555 ne
536 1491 587 1555 eet
608 1491 700 1574 nete,
726 1487 899 1573 retionem,
925 1486 1012 1572 quod
1035 1487 1170 1570 λογικόν
1193 1489 1343 1565 noeetur,
1364 1489 1401 1551 et

388 1594 429 1644 ex
456 1596 516 1642 sue
541 1580 660 1643 netnre
682 1575 802 1661 resipit
823 1574 1000 1661 praebendi
1023 1596 1138 1640 senene
1159 1573 1401 1661 proebendiqne

389 1662 581 1733 inerementi
596 1662 814 1750 seminarium,
827 1686 965 1751 quornm
979 1686 1080 1731 unum
1092 1663 1301 1749 αἰσθητικόν,
1317 1663 1400 1729 elte-

389 1774 462 1821 rum
485 1757 628 1841 φυτικόν
650 1758 862 1840 nuncupetur.
907 1753 964 1820 eed
986 1775 1026 1818 ex
1047 1752 1099 1819 his
1122 1753 1272 1839 primum,
1293 1751 1327 1817 id
1349 1754 1402 1817 eet
1417 1767 1446 1808 ιο

391 1842 539 1929 λογικόν,
566 1843 651 1931 quod
678 1843 825 1910 innatum
853 1842 916 1910 eibi
943 1864 982 1910 ex
1005 1846 1113 1908 mente
1135 1842 1288 1928 sumpsit,
1315 1844 1403 1906 nent

392 1953 470 1999 nere
487 1931 632 2001 diuinum
650 1938 710 2018 eet,
732 1933 779 2000 ite
796 1931 874 1999 solie
893 1931 1012 1999 diuinis
1030 1936 1158 2018 eptnm;
1180 1930 1304 2017 relique
1326 1928 1402 2009 dno,

392 2022 589 2108 αἰσθητικόν
608 2027 642 2089 et
663 2024 818 2108 φυτικόν,
840 2025 877 2088 ut
899 2045 920 2089 e
937 2020 1056 2087 diuinis
1075 2019 1238 2105 recedunt,
1261 2020 1308 2086 ite
1325 2039 1401 2084 eon·

361 2108 557 2179 dnenientie
583 2116 660 2179 eunt
686 2110 825 2179 eodueie.
869 2111 978 2177 enimn
1005 2130 1083 2197 ergo
1105 2131 1220 2177 ereone
1242 2107 1304 2175 eibi
1325 2128 1400 2174 eorr-

391 2198 534 2289 densque
552 2222 689 2287 corpore
711 2237 748 2248 -
769 2221 846 2265 nem
866 2199 939 2266 ideo
956 2199 998 2264 sb
1017 2199 1126 2264 enims
1142 2202 1260 2264 neture
1276 2196 1402 2282 inoipit
1417 2213 1446 2254 ts

391 2309 490 2375 quern
518 2289 683 2374 sepientes
711 2288 750 2354 de
777 2287 839 2354 deo
865 2290 899 2353 et
924 2289 1033 2353 mente
1057 2295 1143 2352 νοῦν
1164 2285 1336 2352 nominent
1359 2319 1398 2332 -

391 2376 509 2443 exilio
528 2397 616 2443 mero
635 2397 675 2443 eo
692 2376 868 2462 purissimo
880 2375 971 2441 fonte
985 2375 1113 2458 mentis,
1131 2393 1227 2459 quem
1239 2370 1402 2438 neeoendo

392 2460 431 2528 de
460 2461 596 2547 originis
624 2482 702 2528 ense
729 2463 884 2528 heueeret
911 2460 1019 2544 oopie,
1045 2480 1183 2544 corpore
1209 2458 1268 2525 ille
1294 2457 1404 2524 dioine

391 2548 446 2616 nel
472 2569 603 2634 supere,
636 2549 718 2617 oeeii
744 2548 816 2615 dieo
844 2548 1061 2630 stridorem,
1088 2567 1172 2631 quee
1198 2546 1305 2632 prime
1330 2565 1404 2611 eon·

392 2632 499 2722 debet,
513 2636 681 2721 enimeuit,
695 2636 888 2721 diuinneque
902 2638 1027 2701 mentes
1042 2633 1193 2701 omnihus
1205 2631 1404 2720 eorporihue,
1417 2649 1448 2691 eo

392 2746 475 2879 puae
503 2723 537 2790 iu
566 2723 704 2791 formem
728 2728 878 2808 teretem,
906 2725 938 2789 id
963 2728 1013 2789 est
1037 2723 1070 2789 iu
1093 2722 1250 2808 sphaerae
1273 2720 1403 2787 modum

407 2814 630 2900 ormebentur,
660 2815 785 2879 infusae
814 2819 902 2898 sunt,
930 2819 964 2879 et
987 2814 1048 2878 hoe
1072 2817 1133 2895 est,
1161 2813 1245 2896 quod
1270 2834 1342 2877 eum
1364 2810 1404 2875 de

394 2905 498 2971 stellis
517 2904 703 2990 loqueretur
725 2906 773 2969 eit
796 2925 892 2988 quse
915 2903 1062 2968 diuinis
1086 2903 1280 2968 enimetee
1303 2922 1403 2967 men·

364 2992 511 3060 eribus.
557 2995 591 3058 in
619 2994 774 3059 inferiore
800 3015 876 3058 uero
904 3015 942 3058 ee
970 2997 1098 3056 terrene
1121 2992 1318 3075 degenerans
1340 2989 1403 3053 ire-

395 3081 556 3234 pilitetem
598 3103 768 3167 corporum
806 3081 998 3146 caducorum
1037 3079 1247 3163 deprehendit
1283 3098 1403 3143 merem
1419 3094 1447 3134 2⁶

417 3169 599 3235 iuinitetern
624 3171 742 3235 mentis
765 3172 923 3235 sustinere
948 3191 1012 3234 non
1032 3190 1138 3253 posse,
1160 3168 1259 3233 immo
1278 3170 1403 3252 partem

395 3258 465 3324 eius
490 3259 544 3323 uix
568 3260 647 3325 eolis
669 3259 822 3324 humenis
845 3257 1034 3342 corporibus
1058 3257 1247 3340 conuenire,
1274 3255 1349 3339 quie
1372 3260 1405 3318 et

395 3347 465 3411 sole
497 3347 647 3412 uidentur
678 3352 798 3430 erecte,
830 3351 997 3431 temquern
1031 3367 1112 3432 quee
1146 3345 1186 3411 ed
1219 3366 1335 3430 supere
1363 3344 1403 3409 eb

395 3434 471 3501 imis
494 3438 655 3521 recedent,
678 3443 711 3502 et
734 3436 804 3502 sole
826 3438 950 3501 eoelum
974 3435 1067 3500 focile
1091 3438 1256 3518 temquem
1280 3454 1405 3517 semper

397 3528 505 3589 erecte
529 3526 715 3610 suspiciunt,
739 3526 879 3610 solisque
898 3525 984 3589 inest
1002 3526 1055 3589 oei
1074 3525 1108 3588 in
1126 3524 1231 3607 sepite
1251 3521 1404 3606 sphaerae
1419 3539 1449 3580 eo

468 3733 608 3789 tectorii
623 3733 659 3789 P'
720 3734 864 3804 tpertem
883 3739 940 3803 que
957 3734 985 3788 P
1041 3733 1236 3803 dpunhmem
1255 3729 1290 3786 P
1347 3737 1406 3787 iet

397 3812 428 3862 11
450 3806 477 3862 lo
499 3822 561 3862 reon
583 3808 610 3861 P
698 3805 905 3861 teeithehoon
923 3806 951 3859 P
1035 3805 1155 3859 alterum
1174 3805 1292 3873 φυτικόν
1310 3819 1360 3859 oen.
1381 3803 1407 3857 P

397 3881 430 3932 1³
449 3894 483 3933 eo
530 3880 623 3951 pheon
644 3878 672 3933 P
724 3878 850 3948 phrhoon
871 3878 898 3931 P
951 3877 987 3931 ed
1007 3875 1150 3930 drumriP
1202 3882 1234 3929 14
1249 3873 1298 3928 srhr
1312 3893 1361 3930 om.
1380 3874 1407 3927 1’

397 3956 429 4006 17
449 3948 581 4021 porrhmo
601 3948 636 4005 P'
702 3956 736 4005 24
755 3948 892 4021 degerens
906 3947 943 4002 P'
1008 3954 1042 4002 26
1062 3948 1179 4002 drurtete
1198 3942 1234 4002 P‘
1293 3952 1326 4000 28
1342 3953 1406 4016 post

396 4026 491 4077 erecte
509 4020 561 4076 doe.
580 4028 617 4077 10
635 4023 790 4077 litterarum
807 4023 840 4076 in
860 4021 888 4074 P
967 4024 1001 4075 28
1021 4026 1046 4073 et
1065 4023 1099 4072 tt
1118 4022 1252 4087 tanquam
1271 4017 1299 4070 P
1370 4022 1405 4071 28

395 4096 532 4219 menippei
564 4123 597 4133 —
631 4099 665 4147 80
698 4091 848 4162 inspiciunt
882 4091 939 4159 (sed
978 4092 1075 4145 orrrieeo
1107 4093 1140 4142 28
1173 4091 1255 4157 quse)
1286 4104 1336 4143 om.
1373 4088 1406 4153 Ρ,
