3322 5190
305 820 371 885 252
704 817 784 876 SAT.
801 815 899 869 LIBRI
918 816 940 872 V

307 981 382 1046 dum
398 979 532 1058 faciunt,
546 1001 566 1044 a
580 978 736 1043 Pisandro
752 977 792 1043 ad
807 979 943 1042 uerbum
957 999 1059 1061 paene
1069 978 1322 1061 transcripserit,

277 1072 298 1135 5
328 1069 363 1133 ui
388 1068 471 1133 inter
489 1065 631 1132 Graecos
654 1071 767 1151 poetas
786 1066 908 1131 eminet
926 1086 1032 1149 opere,
1055 1067 1141 1150 quod
1160 1088 1179 1129 a
1197 1067 1321 1149 nuptiis

306 1090 397 1221 Tenis
429 1161 462 1220 et
490 1155 625 1220 Iunonis
658 1153 817 1239 incipiens
850 1152 1019 1218 uniuersas
1051 1154 1207 1219 historias
1239 1175 1322 1238 quae

306 1244 422 1309 mediis
463 1244 613 1309 omnibus
649 1243 786 1308 saeculis
822 1263 925 1326 nsque
963 1243 1004 1306 ad
1041 1246 1181 1307 aetatem
1219 1243 1323 1326 ipsius

307 1332 457 1398 Pisandri
476 1333 564 1398 sonti
590 1335 692 1414 amnt,
711 1330 745 1396 in
763 1352 862 1395 unam
876 1332 993 1395 seriem
1008 1336 1136 1396 coaetm
1151 1330 1323 1416 redegerit,
1348 1357 1362 1395 a

307 1427 341 1485 et
367 1442 467 1485 unum
496 1442 534 1484 ex
562 1353 699 1484 diuersis
727 1420 871 1484 hiatibus
899 1421 1083 1502 temporum
1107 1440 1224 1502 eorpus
1248 1418 1322 1482 effe

307 1509 402 1593 uerit,
433 1509 467 1572 in
501 1529 564 1592 qno
597 1529 693 1591 opere
721 1507 807 1570 inter
834 1506 989 1570 historias
1017 1510 1142 1571 ceteras
1170 1508 1323 1571 interitus

307 1618 435 1682 quoqne
454 1595 573 1662 Troiae
596 1597 629 1660 in
648 1596 735 1661 hune
754 1595 885 1660 modum
904 1596 1027 1660 relatus
1046 1600 1105 1677 est,
1128 1618 1211 1682 quae
1231 1594 1323 1661 Maro

308 1685 447 1751 fideliter
469 1687 712 1771 interpretando
736 1684 913 1750 fabricatus
938 1685 1001 1749 sibi
1025 1690 1076 1751 est
1094 1683 1213 1751 Iliacae
1233 1686 1324 1751 urbis

307 1773 460 1840 ruinam?
506 1774 562 1839 sed
591 1779 624 1838 et
645 1774 725 1839 haee
748 1774 884 1838 attalia
906 1774 1015 1858 pueris
1039 1775 1210 1839 decantata
1233 1797 1324 1858 prae·
1340 1799 1364 1837 ru

278 1866 409 1930 literae.
453 1863 519 1926 iarn
547 1883 624 1926 uero
648 1863 768 1926 Aeneis
795 1862 867 1945 ipsa
893 1883 1003 1926 nonne
1027 1864 1068 1926 ab
1092 1861 1235 1927 Homero
1260 1864 1322 1926 sibi

309 1954 459 2015 mutuata
487 1952 536 2014 est
562 1970 704 2014 errorem
731 1950 872 2034 primum
897 1971 936 2012 ex
959 1948 1117 2034 Odyssea,
1145 1951 1260 2015 deinde
1284 1974 1323 2015 ex

310 2036 412 2103 Iliade
435 2036 585 2123 pugnas?
609 2038 685 2121 quia
708 2037 814 2122 operis
839 2037 984 2101 ordinem
1008 2040 1192 2103 necessaria
1215 2061 1323 2104 rerum

310 2128 388 2192 ordo
404 2127 551 2211 mutauit,
565 2148 638 2191 eum
653 2125 737 2211 apud
752 2124 932 2191 Homerum
947 2127 1037 2210 prius
1049 2127 1183 2193 Iliacum
1200 2127 1323 2193 bellum

333 2219 438 2282 estnm
463 2216 515 2300 sit,
538 2214 651 2280 deiude
671 2217 844 2280 reuertenti
863 2216 902 2279 de
921 2214 1020 2280 Troia
1038 2238 1128 2281 error
1147 2218 1364 2303 contigeritis

310 2237 413 2387 luixi,
445 2305 530 2387 apud
559 2302 725 2368 Maronem
757 2326 834 2368 uero
863 2302 993 2367 Aeneae
1024 2306 1193 2390 nauigatio
1227 2306 1324 2388 bella,

280 2398 298 2461 7
333 2413 394 2457 uae
416 2395 530 2476 postea
551 2393 586 2455 in
609 2390 705 2456 Italia
728 2396 804 2456 sunt
827 2397 930 2475 gesta,
953 2395 1172 2475 praecesserit.
1210 2415 1324 2457 rursus

310 2413 472 2545 idomenus
490 2481 522 2544 in
542 2482 656 2565 primo,
675 2502 746 2545 eum
766 2480 866 2545 uellet
884 2479 1031 2564 iniquum
1051 2479 1182 2546 Graecis
1197 2481 1324 2565 Apolli-

310 2591 384 2634 nem
408 2568 527 2653 fauere,
551 2591 682 2634 causam
706 2569 825 2634 struxit
848 2568 886 2633 de
910 2569 1087 2635 sacerdotis
1111 2571 1243 2636 iniuria:
1270 2571 1323 2635 lria

311 2663 347 2724 ut
368 2658 518 2723 Troianis
542 2658 698 2723 lunonem
728 2658 849 2724 fuceret
872 2657 1038 2738 infestum,
1066 2683 1235 2725 surrsarum
1259 2662 1321 2726 sibi
1337 2684 1364 2724 au

280 2750 494 2833 tluongeriem
529 2749 728 2834 conparauit.
783 2771 842 2812 nee
875 2749 953 2813 illud
987 2772 1058 2813 eum
1094 2772 1212 2836 magna
1245 2773 1323 2816 cura

310 2839 470 2904 relaturus
491 2861 571 2916 suin,
594 2839 678 2919 lieet,
698 2843 733 2901 ut
752 2839 898 2920 aestimo,
916 2862 982 2903 nou
1003 2840 1150 2904 omuibus
1170 2842 1321 2905 obserua-

310 2935 389 3008 tum,
414 2927 499 3011 quod
523 2949 594 2990 curn
619 2928 724 3011 primo
744 2949 839 2990 uersu
863 2929 1067 3009 promisisset
1090 2930 1321 3010 producturum

310 3038 344 3079 se
368 3016 406 3079 de
429 3015 546 3078 Troiae
570 3014 688 3076 finibus
711 3013 843 3077 Aenean

522 3134 639 3198 Troiae
664 3136 718 3218 qui
741 3136 863 3218 primus
888 3136 929 3199 ab
954 3138 1018 3199 oris
1337 3161 1363 3198 aa

354 3222 485 3375 ,Iittplpppr
510 3222 576 3286 fato
601 3224 758 3306 profugus
782 3223 969 3306 Lauinaque
994 3224 1081 3286 uenit

466 3361 475 3394 l

308 3435 364 3500 ubi
393 3436 433 3499 ad
462 3435 590 3499 ianuam
619 3437 772 3499 narrandi
800 3436 902 3517 uenit,
934 3435 1063 3499 Aeneae
1091 3436 1227 3500 classem
1258 3459 1321 3499 nou

309 3525 347 3588 de
371 3524 470 3588 Troia
493 3523 548 3588 sed
574 3524 612 3587 de
637 3522 749 3588 Sicilia
772 3524 922 3607 producit

352 3649 406 3713 uix
431 3670 448 3712 e
472 3652 645 3731 conspectu
670 3645 797 3712 Siculae
823 3648 949 3712 telluris
974 3648 1133 3714 inultum
1336 3675 1363 3713 ao

352 3738 427 3801 uela
450 3736 573 3800 dabant
596 3737 684 3800 laeti.

305 3871 481 3879 r-.—..-—-
488 3872 518 3878 -..-

378 3970 412 4019 26
431 3966 500 4020 Aen.
520 3963 531 4015 l
553 3972 565 4016 1
622 3970 655 4018 30
674 3965 711 4019 ib.
732 3963 743 4016 l
763 3968 796 4016 34

305 4086 518 4095 ...Ψ-...-

380 4185 412 4234 10
431 4181 460 4233 et
479 4186 542 4235 ante
561 4180 631 4234 talia
650 4197 700 4234 oni.
722 4175 756 4230 P'
816 4182 846 4230 12
867 4176 972 4232 odrlsea
992 4177 1019 4230 Ρ
