3322 5190
765 888 779 943 1
796 895 884 946 s-ln
1264 889 1332 955 585

317 1051 447 1135 diceret,
466 1049 606 1136 telisque
624 1071 664 1114 ex
686 1048 739 1116 his
758 1051 933 1115 concentus
952 1050 1072 1135 euenit,
1094 1050 1224 1135 qualem
1242 1050 1333 1154 prior

317 1138 503 1206 obseruatio
520 1160 588 1205 non
605 1137 728 1204 frustra
742 1137 969 1204 animaduerso
984 1137 1187 1224 promiserat,
1205 1138 1333 1207 odiente

318 1228 491 1312 dulcedine,
513 1249 610 1313 quem
628 1231 746 1293 notura
763 1226 876 1292 fidium
901 1249 1019 1293 sonore
1042 1228 1242 1313 praestabat
1263 1229 1332 1296 *hie
1345 1229 1385 1297 13

318 1316 518 1402 Pythagoras
537 1317 623 1381 tenti
643 1317 761 1382 secreti
783 1338 916 1401 compos
936 1316 1148 1402 deprehendit
1169 1339 1332 1403 numeros,

291 1428 357 1475 sex
392 1406 508 1493 quibus
546 1405 616 1472 soni
653 1405 717 1472 sibi
754 1405 891 1471 consoni
926 1410 1150 1491 nsseerentnr,
1182 1406 1263 1473 odeo
1295 1412 1333 1473 nt

316 1495 433 1561 fidibus
470 1494 531 1562 sub
563 1495 625 1561 heo
651 1516 858 1561 numerorum
891 1494 1121 1562 obseruatione
1152 1495 1331 1582 conpositis
1433 1571 1436 1578 ¹

318 1587 424 1650 oertee
447 1584 544 1650 oertis
568 1583 715 1669 elisoque
744 1584 819 1650 eliis
847 1584 1106 1651 conuenientium
1135 1584 1198 1650 sibi
1219 1605 1331 1650 nnme-

317 1695 425 1739 rorum
454 1673 628 1739 concordie
656 1673 877 1757 tenderentur,
904 1678 942 1738 nt
968 1695 1032 1739 uns
1056 1673 1184 1758 inpulso
1206 1674 1331 1760 plectro

319 1763 383 1828 alia
409 1762 488 1828 lieet
510 1762 607 1849 longe
630 1762 740 1847 posite
762 1762 819 1828 sed
841 1763 985 1828 numeris
1015 1762 1211 1829 conueniens
1235 1762 1332 1828 simul

280 1854 458 1918 resonaret.
504 1852 654 1918 exomni
679 1854 787 1918 sutem
812 1852 980 1918 innumero
1002 1852 1161 1919 uerietste
1184 1854 1387 1920 nurnero-14

319 1962 390 2005 rum
418 1940 513 2025 pauci
541 1943 574 2005 et
600 1941 816 2006 numerabiles
849 1941 975 2006 inuenti
1003 1944 1093 2025 sunl,
1116 1941 1172 2026 qni
1200 1940 1264 2006 sibi
1291 1941 1333 2006 sd

320 2027 524 2094 efficiendam
544 2030 700 2095 musicam
724 2029 943 2095 conuenirent
984 2032 1062 2094 sont
1084 2033 1195 2095 antem
1217 2028 1254 2095 hi
1277 2050 1333 2095 sex

320 2139 447 2182 omnes:
475 2118 627 2202 epitritus
650 2118 822 2184 hemiolios
851 2117 994 2203 duplaris
1022 2117 1168 2202 triplaris
1197 2117 1333 2201 quadru-

321 2207 392 2290 plus
421 2210 455 2270 st
487 2206 661 2290 epogdous.
707 2209 741 2270 et
767 2209 819 2270 est
846 2206 1011 2290 epitritus,
1038 2228 1111 2272 oum
1138 2205 1177 2270 de
1206 2205 1333 2273 duobus
1346 2207 1387 2274 15

281 2294 462 2360 innumeris
487 2294 590 2359 maior
611 2293 713 2359 hebet
740 2295 846 2358 totum
869 2293 1027 2359 minorem
1051 2296 1084 2361 et
1105 2293 1240 2377 insuper
1263 2295 1333 2360 eius

320 2383 453 2448 tertiam
478 2385 618 2467 portem,
653 2385 690 2447 ut
721 2386 797 2447 sunt
828 2385 981 2467 quattuor
1011 2382 1050 2448 ed
1084 2383 1161 2464 trie,
1191 2403 1267 2447 nem
1299 2383 1333 2448 in

321 2473 474 2555 quattuor
497 2472 574 2536 sunt
597 2471 661 2536 tris
684 2474 717 2536 et
739 2470 836 2537 tertio
858 2493 934 2555 pere
957 2470 1072 2556 trium,
1094 2470 1127 2536 id
1150 2472 1334 2558 estonum,

322 2563 355 2624 el
382 2560 412 2625 is
444 2582 597 2625 numerus
629 2562 764 2625 uocetur
797 2560 960 2644 epitritus,
990 2558 1091 2644 deque
1119 2581 1158 2626 eo
1189 2559 1334 2626 nnsoitur

322 2647 526 2734 symphonia,
549 2669 631 2733 queo
654 2647 838 2734 appellatur
860 2647 916 2712 διὰ
937 2647 1115 2734 τεσσάρων.
1160 2647 1332 2713 hemiolius
1345 2648 1386 2714 16

279 2740 384 2820 rosel,
421 2757 492 2801 eum
535 2737 573 2801 de
610 2736 735 2802 duobus
772 2737 915 2802 numeris
951 2737 1055 2802 maior
1091 2735 1190 2801 habet
1226 2738 1334 2802 totum

321 2824 479 2891 minorem
505 2827 538 2889 et
559 2825 691 2908 insuper
716 2825 784 2890 eins
808 2825 1026 2910 medietatem,
1049 2827 1086 2890 ut
1108 2828 1186 2889 sunt
1208 2824 1273 2890 tris
1292 2824 1333 2889 sd

321 2912 394 2996 duo,
417 2935 493 2977 nem
511 2913 546 2977 in
570 2913 675 2978 tribus
695 2917 771 2978 sunt
793 2911 857 2978 duo
881 2915 914 2978 et
937 2914 1043 2977 medis
1061 2934 1137 2996 pars
1157 2934 1278 2996 eorum,
1300 2912 1334 2977 id

320 3004 371 3067 est
397 3023 509 3087 nnnm,
539 3004 572 3067 et
599 3024 636 3067 ex
664 3000 727 3067 hoe
754 3023 902 3085 numero,
928 3001 983 3086 qui
1012 3001 1183 3067 hemiolius
1207 3001 1334 3086 dieitur,

319 3092 463 3157 noscitur
486 3092 693 3177 symphonia,
720 3114 802 3177 quse
830 3091 1015 3177 appellatur
1042 3091 1098 3156 ded
1124 3087 1231 3157 πέντε.
1277 3087 1333 3157 du·
1348 3089 1385 3158 ll

279 3181 421 3267 repleris
440 3203 593 3247 numerus
617 3185 675 3268 est,
698 3204 770 3248 oum
790 3180 829 3246 de
847 3182 974 3249 <luobus
993 3181 1135 3248 numeris
1155 3181 1260 3246 minor
1283 3179 1334 3247 bis

320 3271 354 3334 in
378 3269 501 3336 maiore
524 3276 714 3336 numeretur
736 3273 774 3336 ut
796 3274 874 3336 sunt
895 3273 1050 3357 quattuor
1073 3270 1113 3335 ad
1137 3271 1215 3356 duo,
1239 3276 1273 3337 et
1296 3292 1334 3336 ex

320 3359 381 3424 hoo
409 3358 537 3444 duplari
564 3361 711 3425 nescitur
737 3360 944 3445 symphonia,
974 3358 1027 3426 eui
1053 3381 1174 3425 nomen
1200 3361 1252 3424 est
1278 3359 1336 3425 ose

319 3458 443 3513 πασῶν.
499 3449 643 3534 triplaris
681 3450 803 3532 sulem,
839 3470 912 3514 eum
953 3448 993 3514 de
1030 3448 1155 3514 dnobus
1191 3449 1335 3515 numeris
1348 3449 1387 3516 18

321 3538 427 3603 minor
445 3541 496 3603 ter
514 3538 548 3603 in
567 3538 691 3605 maiore
714 3540 911 3625 numeretur,
934 3540 971 3604 ut
989 3541 1066 3605 sunt
1083 3537 1149 3604 trio
1168 3537 1209 3604 sd
1226 3561 1336 3624 unum,

393 3764 576 3821 leontenlul
589 3762 626 3822 P'
736 3770 752 3819 ἱ
797 3764 920 3821 mrflernt
938 3761 975 3819 P'
1079 3766 1269 3836 4pytsgorni
1284 3767 1337 3822 ΡΒ

320 3835 468 3891 toonlom
485 3836 538 3892 libr
556 3837 585 3893 Β
644 3781 889 3907 seompolrnrlz
912 3835 1011 3891 Modo
1029 3836 1061 3890 nt
1079 3836 1144 3891 add.
1163 3836 1193 3891 Β
1250 3842 1336 3893 erm·

340 3905 400 3962 ullo
417 3906 473 3963 ΡΒ
535 3907 612 3963 olet
629 3908 658 3964 Β
723 3912 756 3962 12
776 3908 817 3962 lm
836 3906 865 3961 P
921 3910 955 3961 18
974 3905 1115 3978 opytrrtnl
1127 3907 1157 3962 Β
1216 3911 1250 3962 14
1269 3924 1336 3979 spy-

277 3999 283 4012 ·
319 3925 406 4032 lutus
420 3978 462 4033 en
480 3994 544 4033 cnm
562 3996 598 4034 ex
615 3979 644 4034 Β
703 3982 737 4033 15
755 3994 891 4034 minorem
909 3979 1001 4034 toturn
1020 3978 1049 4033 Β
1103 3977 1164 4034 erni
1178 3977 1290 4050 rnlnper
1307 3979 1337 4034 Β

319 4051 496 4174 ιιιιθιοὲἐιῖιῦτωῖὶῐ
513 4050 584 4175 Pelt
600 4048 1064 4188 uppntllpllfuntlphmphprplpl}
1118 4048 1340 4189 dylssstelleyrdrdtdd

320 4195 353 4242 21
373 4189 437 4244 lunt
454 4189 481 4243 ΙΙ
500 4190 538 4246 sd
555 4188 595 4246 111
613 4191 640 4244 Β
744 4195 778 4243 2³
797 4189 928 4244 emrolrnl
943 4186 981 4244 P'
1078 4194 1113 4244 84
1132 4190 1264 4262 drepente
1283 4192 1337 4245 ΡΒ

320 4265 355 4315 26
374 4263 472 4316 elom.
490 4261 519 4314 B
574 4266 608 4315 2'1
628 4260 685 4314 ΔΙΑ
703 4259 821 4314 ΠΛΕΟΝ
841 4260 874 4329 Ρ,
894 4259 942 4313 dre
960 4260 1045 4330 pelon
1063 4260 1091 4314 B
