3322 5190
690 885 704 938 1
724 888 828 940 re-re
855 885 882 940 11
902 888 972 940 1-r
1272 889 1337 954 ω’(

322 1067 384 1110 nus
408 1044 545 1129 auditus,
568 1045 655 1111 ultro
675 1049 784 1112 autem
808 1069 843 1113 se
861 1047 967 1113 tendit
983 1047 1174 1115 harmoniae
1187 1049 1338 1115 caelestia

323 1134 461 1217 accesio,
489 1133 521 1198 id
555 1137 604 1199 est
630 1156 732 1218 usqne
760 1134 802 1200 ad
831 1138 946 1220 qnater
973 1136 1030 1201 ded
1056 1145 1172 1202 πασῶν
1199 1133 1255 1202 καὶ
1282 1138 1339 1203 διὰ

322 1219 428 1286 πέντε.
469 1243 554 1286 nunc
576 1221 707 1286 interim
726 1222 766 1286 de
784 1222 845 1305 hia,
869 1245 949 1306 quas
968 1223 1220 1309 nominauimus,
1238 1225 1339 1291 disee·

322 1329 441 1374 ramus.
488 1310 683 1394 symphonia
711 1310 768 1375 διὰ
795 1310 965 1397 τεσσάρων
992 1313 1188 1377 εοηειαῶῶε
1212 1312 1391 1380 duobus25

295 1399 409 1462 otonis
429 1400 462 1462 et
475 1396 664 1483 hemitonio,
683 1401 720 1464 ut
734 1397 899 1483 minutias,
917 1421 999 1483 quae
1014 1399 1235 1467 additamento
1251 1404 1338 1486 sunt,

321 1487 559 1572 relinquamus,
587 1508 628 1551 ne
652 1486 875 1552 difficultatem
900 1509 1059 1572 creemus,
1082 1491 1116 1553 et
1138 1488 1177 1554 lit
1203 1509 1242 1554 ex
1272 1489 1337 1574 epi·

321 1577 415 1661 trito,
444 1575 501 1640 ded
523 1573 620 1642 πέντε
644 1578 774 1641 constat
796 1598 834 1640 ex
857 1577 962 1641 tribus
986 1577 1073 1642 tonia
1097 1579 1131 1643 et
1154 1576 1336 1644 hemitonio
1430 1573 1433 1580 ’

322 1668 356 1729 et
378 1665 416 1729 iit
438 1664 477 1729 de
500 1664 663 1748 hemiolio,
687 1665 744 1730 ded
766 1673 881 1730 πασῶν
904 1667 1034 1732 constat
1057 1665 1096 1730 de
1116 1687 1172 1730 sex
1190 1665 1280 1732 tonis
1303 1669 1338 1732 et

322 1755 361 1818 lit
379 1753 418 1818 de
437 1753 574 1839 duplari,
598 1775 710 1819 uerum
730 1753 921 1819 διαπασῶν
939 1749 995 1819 καὶ
1015 1754 1071 1819 διὰ
1089 1752 1187 1820 πέντε
1206 1758 1337 1821 constat

282 1867 309 1907 ro
323 1865 361 1908 ex
385 1865 503 1909 nouem
521 1844 609 1909 tonis
629 1845 663 1908 et
680 1843 860 1909 hemitonio
879 1846 912 1908 et
930 1843 969 1908 fit
986 1843 1026 1909 de
1044 1844 1174 1928 triplari
1192 1866 1337 1926 numero,

322 1932 373 2011 δίς
400 1938 510 1998 autem
534 1932 729 1998 διαπασῶν
756 1933 903 1998 continet
924 1936 1020 1999 tonos
1045 1933 1214 2000 duodecim
1241 1935 1276 2000 et
1299 1934 1338 2000 fit

321 2044 359 2087 ex
383 2021 570 2107 quadruplo.

408 2145 494 2211 Hinc
513 2144 608 2211 Plato
632 2147 805 2229 postquam
824 2148 857 2210 et
875 2144 1113 2230 Pythagoricae
1132 2147 1334 2214 successione
1342 2150 1378 2217 11

320 2234 485 2299 doctrinae
508 2237 542 2298 et
563 2232 686 2319 ingenii
703 2232 829 2317 proprii
849 2233 960 2297 diuina
978 2234 1197 2318 profunditate
1216 2256 1336 2338 cogno-

281 2344 307 2385 ra
321 2323 383 2406 uit,
414 2323 537 2388 nullam
566 2342 636 2386 esse
672 2343 770 2405 posse
803 2321 872 2386 sine
901 2321 952 2387 his
988 2321 1131 2388 numeris
1159 2322 1336 2408 iugabrlem

321 2410 576 2497 conpetentiam,
612 2410 646 2475 in
683 2409 818 2476 Timaeo
856 2432 914 2476 suo
952 2410 1063 2476 mundi
1100 2410 1241 2477 animam
1277 2434 1337 2496 per

322 2500 461 2565 istorum
474 2521 682 2564 numerorum
697 2499 937 2565 contextionem
956 2499 1114 2565 ineffabili
1127 2500 1336 2584 prouidentia

321 2588 372 2652 dei
400 2586 606 2653 fabricatoris
630 2588 781 2652 instituit.
827 2588 918 2652 cuius
948 2609 1061 2652 seusun
1091 2588 1118 2652 si
1145 2588 1221 2655 huic
1244 2588 1336 2673 operi

321 2675 422 2740 luerit
439 2675 615 2759 adpositus,
634 2674 809 2758 plurimum
828 2696 890 2739 nos
909 2674 949 2739 ad
969 2675 1145 2741 uerborum
1160 2675 1334 2756 Ciceronis,

280 2786 307 2826 ec
322 2784 404 2845 quae
431 2763 518 2828 circa
539 2762 743 2847 disciplinam
768 2762 910 2828 musicae
940 2763 1091 2827 uidentur
1114 2763 1264 2848 obscura,
1286 2764 1334 2830 in·

321 2850 487 2916 tellectum
506 2849 641 2915 iuuabit
674 2849 728 2914 scd
747 2870 788 2914 ue
806 2850 892 2934 quod
910 2849 944 2914 iu
963 2851 1180 2934 patrocinium
1198 2853 1364 2921 alterius2

321 2938 537 3025 expositionis
556 2937 736 3020 adhibetur,
759 2937 865 3022 ipsum
884 2959 943 3022 per
967 2959 1001 3004 se
1021 2938 1151 3005 difficile
1175 2940 1334 3025 credatur,

320 3050 424 3114 pauca
436 3027 531 3092 nobis
545 3025 784 3114 praemittenda
798 3029 883 3112 sunt,
898 3049 979 3114 quae
994 3027 1089 3094 simul
1104 3029 1273 3115 utriusque
1287 3028 1334 3095 in·

320 3118 540 3204 tellagentiam
558 3116 680 3183 faciant
699 3115 898 3183 lucidiorem.
930 3139 1025 3185 omne
1054 3117 1194 3184 solidum
1216 3122 1364 3204 corpued

279 3227 306 3268 ac
320 3207 407 3271 trina
425 3206 625 3271 dimensione
644 3205 849 3286 distenditur,
872 3206 972 3273 habet
990 3207 1075 3272 enim
1094 3205 1333 3294 longitudinem

321 3294 522 3360 latitudinem
533 3294 866 3379 profunditatem,neo
875 3295 1133 3381 potestinneniri
1141 3296 1175 3360 in
1185 3296 1335 3382 quolibet

320 3405 453 3468 corpore
477 3387 595 3468 quarta
617 3382 791 3466 dimensio,
814 3384 871 3448 sed
894 3383 945 3449 hia
968 3384 1074 3450 tribua
1098 3405 1193 3450 omne
1216 3406 1333 3470 corpus

320 3473 460 3540 solidum
475 3472 668 3538 continetur.
701 3474 887 3558 geometrae
900 3475 1011 3539 tamen
1030 3472 1177 3539 eliasibi
1197 3475 1365 3560 corpora4

392 3652 570 3702 larmourue
587 3646 643 3702 PB
737 3646 944 3719 1ΑΙΑΡΑΙΕΟΝ
963 3647 992 3702 Β
1087 3654 1103 3704 1
1118 3648 1255 3720 pertentor
1273 3648 1288 3704 l
1302 3650 1335 3706 in

319 3717 484 3775 differamus
497 3719 530 3774 in
547 3733 602 3773 rua.
621 3719 654 3773 in
671 3717 701 3773 P
756 3717 839 3772 ldra
854 3717 977 3773 tellaron
997 3717 1051 3772 ΡΒ
1106 3721 1276 3776 temrtomo
1295 3717 1333 3776 P'

318 3791 444 3846 *ssent
464 3787 494 3843 P
546 3804 619 3857 quae
638 3806 667 3842 ru
685 3787 880 3844 additamento
898 3788 1030 3858 (rtameut
1047 3790 1080 3843 in
1092 3790 1160 3860 roe.)
1172 3790 1200 3844 Β
1254 3789 1333 3846 addr-

319 3898 413 3951 mento
432 3896 461 3951 P
512 3880 696 3965 ncreemls*
714 3892 744 3948 P
799 3895 886 3949 ἸΑΙΑ
904 3894 932 3949 Β
988 3895 1123 3951 emrtomo
1141 3891 1178 3951 P‘
1234 3899 1333 3952 euiu-

317 3968 413 4023 Π(οΝ
433 3968 461 4022 Β
570 3970 586 4020 9
608 3965 776 4020 ΛΙΑΠΛΕΟΝ
795 3965 823 4020 Β
934 3969 964 4020 11
985 3964 1037 4021 Dii
1056 3969 1093 4022 ari
1116 3968 1286 4024 lllltllthON
1304 3969 1333 4024 Β

318 4037 402 4095 tenos
416 4034 452 4092 P'
509 4043 542 4093 13
561 4039 726 4110 pytugonop
745 4036 774 4091 Β
829 4042 862 4091 11
881 4039 1099 4108 competentiam
1116 4038 1145 4094 P
1196 4041 1333 4110 tymeoB

320 4110 563 4181 recommissum
582 4109 611 4164 Β
672 4110 704 4162 19
723 4108 868 4178 appclrtul
881 4109 909 4163 Β
964 4114 999 4164 10
1017 4108 1195 4167 obscurabat
1213 4111 1272 4167 uid.
1293 4109 1331 4166 P'

320 4187 351 4236 11
372 4180 414 4305 {et
431 4197 495 4249 neq.
514 4197 542 4234 in
561 4180 589 4235 Β
644 4184 679 4233 13
698 4179 949 4248 praetermittenda
965 4180 993 4235 Β
1047 4185 1082 4236 14
1095 4179 1291 4252 mtellegentra
1305 4184 1333 4239 Β

320 4258 353 4308 17
384 4254 414 4308 et
432 4253 459 4307 Β
