3442 5190
764 831 802 888 vl
822 837 909 889 8-16
1298 835 1342 899 25

330 993 516 1079 inspeetis
535 994 596 1059 his
614 994 818 1060 nuntiasse
837 994 876 1060 in
895 992 1095 1081 Capitolio
1119 997 1341 1083 supplican-

327 1083 410 1148 dum
433 1083 798 1170 lectisterniumque
826 1106 869 1149 ex
893 1086 1038 1151 collata
1066 1086 1168 1171 stipe
1196 1086 1340 1153 facien·

326 1171 425 1256 dnm,
462 1174 521 1238 ita
562 1176 604 1238 ut
644 1171 855 1239 libertinae
892 1197 1055 1260 quoque,
1092 1197 1187 1262 quae
1223 1176 1341 1262 longa

326 1265 437 1326 ueste
460 1265 678 1347 uterentur,
699 1262 737 1327 in
760 1285 839 1328 earn
867 1285 944 1328 rem
972 1265 1172 1348 pecuniam
1196 1265 1395 1336 submi-14

302 1349 551 1416 unissrarent.
602 1355 689 1416 acta
720 1351 843 1438 igitur
871 1353 1092 1419 obsecratio
1121 1357 1182 1419 est
1208 1355 1340 1438 pueris

327 1438 508 1525 ingenuis
537 1441 707 1525 itemque
734 1441 930 1507 libertinis
959 1443 1024 1507 sed
1052 1445 1090 1507 et
1116 1442 1340 1528 uirginibus

328 1529 508 1612 patrimis
522 1529 790 1615 matrimisque
804 1530 1155 1615 pronuntiantibus
1175 1553 1340 1598 carmen:

328 1637 368 1679 ex
390 1639 461 1700 quo
480 1640 702 1683 concessum
721 1620 763 1682 ut
780 1618 1054 1684 libertinorum
1074 1642 1225 1704 quoque
1249 1620 1343 1704 filii,

328 1704 391 1788 qui
421 1726 464 1769 cx
491 1707 597 1771 iusta
625 1706 825 1771 dumtaxat
852 1707 1150 1772 matrefamilias
1177 1709 1261 1773 nati
1284 1708 1341 1773 fu·

291 1792 466 1877 sissent,
503 1797 631 1880 togam
663 1799 906 1879 praetextam
934 1799 972 1862 et
1008 1796 1133 1862 lorum
1165 1796 1203 1861 in
1236 1797 1339 1863 collo

327 1904 394 1966 pro
417 1883 549 1947 bullae
571 1883 708 1949 decore
732 1888 939 1970 gestarent.

415 1970 572 2038 Vaamvs
600 1989 755 2037 rnrccvs
783 1973 830 2036 ait
852 1994 932 2037 cum
956 1972 1123 2057 populus
1146 1971 1394 2042 Romanuslb

327 2060 560 2140 pestilentia
591 2060 804 2143 laboraret,
835 2063 1014 2143 essetque
1046 2082 1274 2143 responsum
1303 2062 1341 2125 id

327 2145 513 2229 accidere,
537 2145 636 2229 quod
656 2146 692 2210 di
713 2147 1019 2230 despicerentur,
1038 2148 1188 2210 anxiam
1209 2148 1341 2212 urbem

290 2233 462 2315 ¹⁵suisse,
486 2234 673 2318 quianon
697 2233 997 2319 intellegeretur
1020 2233 1233 2314 oraculum,
1257 2256 1340 2299 eue-

328 2320 507 2405 uiascquo
539 2325 580 2385 ut
606 2321 844 2386 circensium
876 2320 934 2384 dic
962 2342 1055 2404 puer
1086 2319 1130 2384 de
1157 2322 1340 2387 cenaculo

328 2433 501 2497 pompam
533 2433 696 2497 superno
729 2410 949 2497 despiceret
975 2412 1014 2475 et
1041 2411 1146 2494 patri
1174 2410 1343 2477 referret

328 2523 400 2585 quo
434 2501 567 2568 ordine
599 2505 750 2567 secreta
781 2523 976 2566 sacrorum
1009 2499 1048 2564 in
1080 2522 1169 2565 arca
1197 2500 1341 2584 pilenti

329 2592 545 2677 composita
566 2591 743 2657 uidisset:
767 2591 831 2675 qui
854 2612 936 2655 cum
959 2610 1036 2654 rem
1060 2593 1209 2675 gestam
1233 2612 1342 2656 sena·

290 2693 316 2732 ²⁰
330 2682 385 2745 tui
417 2682 656 2764 nuntiasset,
689 2679 885 2764 placuisse
918 2679 1042 2744 ueluri
1076 2679 1163 2744 loca
1195 2701 1238 2744 ea
1270 2702 1344 2765 qua

328 2793 466 2855 pompa
493 2770 712 2853 ueheretur,
741 2772 855 2853 atque
884 2768 941 2833 ita
969 2772 1078 2853 peste
1101 2769 1233 2834 sedata
1255 2792 1344 2854 pue·

328 2881 429 2942 rum,
478 2860 541 2943 qui
592 2858 890 2942 ambiguitatem
936 2858 1056 2923 sortis
1103 2858 1343 2944 absolueret,

328 2951 441 3032 togae
464 2949 688 3030 praetextae
711 2967 820 3010 usum
843 2967 977 3010 munus
1000 2946 1286 3030 impetrauisse.

416 3034 600 3099 Vetustatis
628 3034 820 3119 peritissimi
848 3034 994 3099 referunt
1024 3034 1064 3099 in
1091 3039 1204 3119 raptu
1231 3033 1395 3103 Sabi-16

290 3132 461 3187 ²⁵narum
485 3144 600 3186 uuam
619 3123 817 3188 mulierem
836 3123 989 3188 nornine
1008 3121 1235 3208 Hersiliam,
1258 3123 1342 3188 dum

329 3209 514 3275 adhaeret
528 3211 653 3293 filiae,
668 3211 782 3275 simul
796 3215 962 3295 raptam:
983 3233 1094 3296 quam
1109 3233 1190 3275 cum
1207 3211 1344 3277 Romu-

329 3298 387 3362 lus
410 3296 533 3363 Hosto
561 3299 712 3363 cuidam
740 3320 784 3362 ex
812 3319 904 3384 agro
928 3299 1080 3380 Latino,
1108 3298 1173 3381 qui
1197 3300 1235 3362 in
1259 3321 1345 3380 asy-

329 3386 403 3450 lum
423 3386 505 3451 eius
525 3386 766 3471 confugerat,
785 3386 933 3451 uirtute
954 3385 1164 3470 conspicuo
1189 3407 1345 3452 uxorem

331 3471 517 3557 dedisset,
543 3477 678 3539 natum
703 3496 745 3539 ex
770 3495 813 3539 ea
836 3496 1009 3559 puerum,
1037 3476 1243 3557 antequam
1267 3475 1345 3540 alia

292 3562 409 3627 ⁸⁰ulla
428 3561 658 3628 Sabinarum
682 3566 836 3648 partum
860 3563 1003 3627 ederet:
1027 3583 1123 3644 eum,
1146 3561 1245 3647 quod
1267 3564 1343 3647 pri·

331 3672 410 3714 mus
430 3654 535 3715 esset
552 3652 591 3716 in
606 3650 759 3716 hostico
774 3655 1016 3735 procreatus,
1035 3650 1198 3715 Hostum
1213 3648 1346 3716 Hosti·

332 3738 423 3802 lium
452 3743 618 3803 amatre
646 3740 860 3804 uocitatum
889 3743 927 3804 et
955 3737 1117 3803 eundum
1141 3761 1161 3801 o
1184 3737 1345 3804 Romulo

405 3921 580 3976 lnunorslle
594 3927 620 3977 et
637 3922 678 3977 sic
695 3938 798 3992 semper
816 3921 845 3975 P
897 3921 1186 3991 lmatrrmrlqueom.
1200 3921 1229 3974 Β
1283 3937 1345 3992 pro·

330 3993 454 4128 nulllus
470 4048 498 4102 B
552 4048 665 4102 truita
678 4045 715 4101 P'
771 4053 803 4102 13
821 3994 1072 4118 peltrlentrldldnB,
1091 4046 1251 4117 peltrlentra
1269 4045 1346 4100 labo·

332 4128 415 4182 rallet
431 4127 460 4181 P
513 4132 546 4181 14
564 4128 697 4183 accedere
716 4128 745 4182 Β
803 4126 875 4196 *dij
896 4126 925 4180 P
978 4126 1180 4197 dispicerentur
1198 4126 1290 4181 axiam
1311 4123 1345 4180 B'

334 4205 366 4254 lo
388 4198 520 4272 cenaculo
538 4199 566 4253 Β
632 4203 664 4253 18
690 4215 756 4254 arca
772 4200 816 4267 (in
833 4215 888 4254 ros.
907 4199 1006 4269 suite)
1025 4200 1054 4254 P
1113 4204 1147 4253 27
1167 4197 1265 4253 asrlum
1283 4197 1312 4251 P
