3322 5190
766 813 806 869 xl
823 818 911 868 s-11
1280 819 1348 885 529

332 978 391 1044 atii
415 976 588 1062 definiunt,
611 978 826 1043 trameamus.
871 976 1057 1042 maluerunt
1078 978 1166 1044 enim
1189 979 1376 1052 mundum8

333 1066 389 1132 alii
415 1066 451 1131 in
478 1066 641 1131 elementa
668 1069 720 1130 ter
747 1065 907 1149 quaterna
933 1063 1090 1151 diuidere,
1117 1069 1155 1132 ut
1179 1067 1343 1153 inprime

332 1155 543 1219 numerentur
566 1152 678 1218 ordine
701 1156 790 1217 terra
813 1172 898 1235 aqua
921 1153 1010 1217 eeri
1036 1153 1096 1236 uis,
1119 1154 1175 1239 qui
1197 1160 1346 1241 estpars

332 1240 485 1325 liquidior
512 1240 597 1305 seris
624 1239 732 1305 uicina
755 1237 866 1304 lunae:
894 1259 993 1323 supra
1011 1173 1096 1304 haee
1117 1262 1246 1307 rursum
1269 1244 1346 1308 tuti-

305 1328 404 1393 sdem
435 1349 571 1394 numero
604 1327 660 1392 sed
692 1329 828 1392 naturae
860 1326 1000 1409 purioris
1032 1327 1205 1414 elementa,
1236 1332 1274 1394 ut
1301 1329 1346 1396 sit

331 1417 408 1482 luna
439 1438 499 1501 pru
531 1419 633 1500 terre,
665 1437 763 1500 quam
797 1413 975 1481 aetheriam
1002 1417 1123 1481 terram
1152 1438 1173 1482 s
1199 1416 1344 1503 physicis

332 1506 471 1572 diximus
498 1506 714 1590 nominatam,
744 1526 830 1589 equa
857 1504 901 1570 sit
929 1503 1068 1590 sphaera
1093 1503 1261 1592 Mercurii,
1288 1528 1345 1574 aar
1394 1551 1397 1557 -

334 1594 478 1680 Veneris,
502 1595 589 1683 ignis
613 1597 648 1660 in
672 1595 750 1680 sole,
773 1593 892 1659 tertius
914 1615 992 1660 uero
1012 1594 1244 1662 elementorum
1263 1595 1343 1663 orde

331 1686 378 1750 ita
409 1684 449 1750 sd
481 1707 540 1751 noa
570 1705 744 1750 conuersus
771 1683 946 1766 habeatur,
978 1685 1016 1748 ut
1043 1686 1166 1750 terram
1193 1684 1345 1752 ultimam

293 1774 440 1860 retaciat,
463 1776 497 1840 et
519 1774 637 1841 ceteris
660 1773 694 1839 in
718 1772 858 1839 medium
882 1772 1022 1838 redactis
1041 1771 1075 1838 iu
1094 1777 1200 1841 terras
1217 1774 1346 1842 desinat

332 1869 398 1931 tam
430 1865 497 1932 ima
529 1886 628 1950 quam
660 1885 789 1929 summa
820 1861 1044 1950 postremitas:
1075 1863 1177 1951 igitur
1204 1863 1345 1950 sphaera

332 1954 454 2021 Martia
476 1954 563 2042 iguis
585 1953 759 2036 habeatur,
782 1974 837 2018 aer
859 1951 958 2038 louis,
981 1949 1116 2019 Saturni
1139 1976 1233 2041 aqua,
1255 1958 1345 2021 terra

332 2067 408 2112 uero
432 2044 590 2130 ἀπλανής,
613 2045 648 2110 in
670 2065 735 2130 qua
757 2041 890 2128 Elysios
914 2063 985 2108 esse
1007 2065 1139 2130 campus
1163 2045 1254 2129 puris
1275 2045 1345 2111 ani-

333 2135 395 2198 mis
419 2134 593 2219 deputatos
614 2133 796 2217 antiquitas
814 2131 910 2197 nobis
928 2131 1185 2216 intellegendum
1203 2134 1345 2219 reliquit

294 2237 320 2279 1⁵
334 2222 373 2287 de
400 2221 452 2286 his
481 2221 604 2305 eampis
632 2221 756 2304 anima,
783 2241 856 2284 eum
884 2219 918 2283 iu
944 2240 1059 2304 eorpus
1081 2220 1259 2305 emittitur,
1285 2224 1375 2307 per9

333 2313 401 2375 tres
429 2310 662 2375 elementorum
690 2307 818 2374 ordines
847 2306 935 2371 trina
957 2310 1061 2373 morte
1085 2308 1126 2374 ed
1149 2331 1267 2394 eorpus
1289 2330 1344 2375 us·

335 2421 397 2484 que
428 2397 601 2465 deseendit
650 2397 732 2463 haee
764 2399 815 2463 est
842 2395 928 2460 iuter
953 2393 1143 2464 Platonicos
1171 2397 1210 2464 de
1238 2400 1344 2465 morte

335 2489 581 2642 mem
598 2487 790 2640 immiti
806 2483 1344 2641 t‘tffitutt'tttttttt
1357 2579 1399 2644 10

295 2664 540 2729 udieersiutss
573 2666 648 2727 ante
680 2661 881 2747 signauimus
912 2697 950 2708 -
980 2661 1015 2724 iu
1047 2662 1127 2727 dues
1155 2662 1284 2748 quidem
1312 2666 1347 2731 et

335 2751 400 2836 ipsi
432 2755 542 2835 partes
570 2751 654 2816 sieut
679 2750 778 2833 primi
805 2748 943 2832 faciunt,
975 2749 1030 2814 ssd
1057 2771 1122 2815 non
1151 2750 1253 2816 isdem
1281 2754 1345 2818 ter·

335 2840 433 2904 minis
474 2837 624 2904 diuidunt
664 2836 826 2903 mundum.
885 2835 921 2900 hi
957 2837 1042 2900 enim
1079 2837 1219 2921 caelum,
1259 2839 1346 2924 quod

335 2925 482 3011 ἄπλανής
502 2926 640 3010 sphaera
657 2926 829 3009 uocitatur,
851 2926 978 3007 partem
997 2947 1107 3009 uuam,
1125 2932 1249 3011 septem
1267 2948 1346 2994 uere

336 3015 503 3100 sphaeras,
526 3036 608 3099 quae
631 3035 735 3100 uagae
758 3016 925 3093 uocantur,
948 3014 983 3077 et
1006 3013 1091 3097 quod
1112 3014 1197 3079 inter
1215 3015 1289 3081 illas
1309 3037 1348 3082 se

295 3119 321 3162 2⁵
335 3109 457 3169 terrum
495 3107 547 3169 est
583 3107 767 3188 terramque
806 3103 912 3188 ipsam
949 3102 1085 3167 alteram
1117 3105 1243 3187 partem
1276 3125 1347 3170 esee

335 3193 517 3260 uoluerunt.
555 3192 729 3258 seeundum
747 3191 809 3257 hes
828 3211 916 3276 ergo,
935 3213 1071 3275 quorum
1090 3193 1198 3256 sectas
1212 3192 1400 3261 amieiurll

336 3284 386 3347 est
408 3282 501 3365 ratio,
525 3282 651 3346 animas
673 3280 790 3345 beatas
813 3280 854 3345 ab
879 3279 968 3345 omui
987 3279 1218 3365 cuiuscumque
1236 3283 1346 3347 eonta-

336 3372 432 3458 gioue
464 3370 612 3455 eorporis
642 3368 766 3434 liberae
792 3368 919 3434 eaelum
946 3368 1128 3453 possident,
1161 3390 1243 3454 quae
1270 3391 1349 3436 uere

336 3460 558 3545 appetentiam
586 3457 732 3542 corporis
757 3459 791 3522 et
811 3457 922 3542 huius,
949 3480 1048 3542 quam
1070 3458 1105 3522 in
1127 3459 1223 3524 terris
1246 3459 1349 3525 uitam

335 3603 549 3615 ———---..-

408 3686 571 3772 signisque
589 3686 618 3741 P
687 3686 764 3740 stet
780 3685 809 3740 Β
877 3684 1026 3754 tphriruri
1040 3685 1069 3740 P
1084 3690 1110 3741 et
1128 3702 1198 3743 eurr.
1216 3703 1251 3743 eu
1268 3687 1352 3758 phro-

336 3758 507 3886 &litigii
526 3764 572 3883 ΒΊ
592 3756 785 3898 niimslhhihg
841 3755 981 3897 iiehtqffa
991 3757 1202 3911 ,mouiiinssr'm
1219 3754 1255 3883 ih
1272 3759 1352 3898 apli}

337 3900 388 3958 nes
405 3900 460 3955 PB
546 3898 599 3956 ehi
615 3899 647 3954 ei
662 3899 696 3968 P,
719 3897 813 3954 shirui
827 3898 856 3953 Β
937 3904 970 3954 15
989 3899 1188 3956 ammittiturb
1270 3904 1304 3955 18
1321 3916 1353 3956 ιιι

337 3991 389 4030 urs.
407 3968 445 4027 P'
541 3977 577 4027 20
595 3919 732 4044 hgnamui
754 3967 791 4026 P'
883 3974 916 4026 21
936 3969 1042 4028 hiidem
1080 3971 1108 4025 Β
1198 3977 1232 4026 82
1250 3969 1308 4029 hs*
1326 3972 1355 4027 P

374 4045 484 4100 eaelum
502 4046 535 4100 in
554 4045 609 4112 {ine
626 4043 757 4126 assumti
774 4059 824 4098 om.
843 4042 871 4097 Β
926 4059 975 4166 im
992 4044 1029 4110 B,
1087 4043 1145 4100 'nde
1162 4043 1280 4114 aptensi
1296 4042 1352 4098 ΡΒ

339 4121 373 4171 23
392 4115 471 4185 spera
490 4116 518 4170 Β
607 4115 749 4171 uuertetur
766 4114 795 4169 P
876 4114 1297 4184 aspersr13‚uenssqusm
1315 4112 1351 4170 Β

340 4203 388 4254 qur
407 4189 480 4240 luter·
497 4185 532 4239 R‘
589 4190 624 4238 25
642 4185 722 4254 purte
740 4181 775 4239 B‘
836 4190 870 4238 26
890 4187 1030 4241 amicitior
1048 4186 1077 4239 Β
1130 4191 1165 4241 28
1184 4182 1298 4256 polilt&
1315 4181 1353 4240 Κ

393 4283 418 4322 Μ
419 4293 534 4325 ssssssss
1105 4276 1141 4326 84
