3442 5190
687 851 791 911 XVIIII
810 859 915 909 19-27
942 853 1028 909 XXI
1297 850 1365 917 563

350 1017 555 1085 conuersatio
589 1021 697 1082 tammr
725 1019 840 1084 nostra
868 1020 902 1082 et
927 1019 1106 1102 prouentus
1135 1019 1266 1082 actuum
1293 1016 1363 1080 tam
1374 1014 1418 1083 24

351 1108 389 1173 ad
418 1107 490 1192 ipsa
517 1106 580 1174 dno
609 1106 734 1173 lumina
761 1128 858 1192 quam
887 1105 927 1171 ad
956 1107 1099 1193 quinque
1125 1127 1227 1193 uagas
1251 1103 1364 1170 stellas

349 1196 496 1280 refertur,
519 1194 574 1261 sed
598 1195 712 1260 herum
736 1195 905 1260 stellarum
928 1194 1014 1298 alias·
1030 1195 1234 1260 interuentus
1253 1214 1364 1297 nume·

322 1282 1218 1458 ⁶{stettin⁸3¹5ttrittttumtddffi’pdt
1233 1282 1363 1437 tritt

349 1484 449 1528 nexus
473 1463 512 1527 ad
536 1462 667 1527 lumina.
708 1482 786 1548 ergo
809 1461 952 1527 Veneria
974 1467 1007 1526 et
1029 1461 1163 1527 Iouielis
1188 1461 1283 1526 stella
1305 1457 1417 1544 perso

348 1551 409 1618 hos
427 1573 579 1617 numeros
601 1550 716 1615 lumini
735 1550 864 1637 utrique
883 1551 1049 1616 sociantur
1072 1550 1127 1616 sed
1146 1549 1280 1616 Iouialis
1299 1548 1364 1614 soli

349 1662 406 1725 per
429 1661 556 1725 omnes,
582 1640 677 1705 lunae
705 1662 782 1704 uero
806 1661 864 1725 per
888 1640 1010 1724 plures,
1039 1642 1073 1703 et
1095 1637 1237 1703 Veneria
1267 1637 1363 1703 lunae

348 1751 407 1817 per
425 1752 547 1814 omnes,
570 1729 630 1796 soli
654 1751 713 1815 per
734 1729 843 1813 plures
866 1750 1019 1795 numeros
1043 1732 1251 1816 aggregatur.
1286 1725 1363 1793 hinc

310 1841 336 1881 ro
350 1820 425 1886 licet
456 1822 594 1906 utraque
625 1819 771 1885 benefica
802 1818 966 1905 credatur,
1002 1817 1091 1885 Iouis
1123 1821 1233 1884 tamon
1267 1816 1369 1882 stella

348 1932 421 1977 cum
454 1911 522 1976 soie
555 1908 827 1977 accommodatior
860 1913 911 1975 est
943 1912 978 1975 et
1003 1906 1146 1974 Veneria
1174 1930 1246 1975 cum
1276 1906 1368 1986 luna,

348 2004 445 2084 atque
476 1998 548 2066 ideo
579 2000 666 2064 uitae
702 2003 834 2065 nostrae
871 1999 977 2085 magis
1015 1997 1236 2074 commodant,
1268 1996 1362 2081 quasi

347 2088 524 2154 luminibus
543 2090 631 2154 uitae
650 2091 782 2154 nostrae
801 2088 989 2153 auctoribus
1007 2108 1217 2151 numerorum
1236 2085 1365 2150 ratione

348 2176 533 2242 concordes.
578 2174 709 2242 Saturni
741 2179 851 2240 autem
874 2174 1055 2258 Martisque
1083 2175 1197 2238 stelias
1227 2174 1275 2237 ita
1298 2171 1418 2238 non26

308 2263 470 2330 rehabent
493 2285 565 2330 cum
588 2263 765 2328 luminibus
789 2262 1038 2347 conpetentiam,
1062 2266 1099 2326 ut
1121 2266 1230 2326 tamen
1253 2260 1363 2346 aliqua

347 2353 399 2417 uel
437 2356 582 2418 extrema
610 2374 819 2418 numerorum
856 2351 943 2416 linea
975 2348 1134 2415 Saturnus
1172 2349 1211 2415 ad
1250 2349 1362 2431 solem,

348 2440 438 2507 Mars
462 2440 601 2526 aspiciat
628 2441 666 2506 ad
691 2441 811 2506 lunam.
857 2439 929 2505 ideo
952 2440 1061 2505 minus
1090 2437 1251 2504 commodi
1274 2437 1366 2503 uitae

348 2531 507 2595 humanas
527 2530 754 2595 existimantur
772 2528 866 2614 qnasi
885 2550 956 2594 cum
975 2528 1062 2593 uitae
1082 2527 1269 2593 auctoribus
1288 2529 1363 2618 arta

348 2640 556 2684 numerorum
575 2619 702 2684 ratione
724 2639 790 2683 non
809 2616 920 2682 iuneti.
957 2639 1015 2682 our
1032 2620 1143 2680 tamen
1161 2619 1195 2680 et
1213 2614 1276 2701 ipsi
1294 2636 1361 2679 non

308 2727 335 2768 so
348 2729 523 2792 numquam
543 2728 621 2790 opes
640 2707 691 2770 uel
707 2706 888 2771 claritatem
907 2704 1092 2770 hominibus
1110 2706 1278 2787 praestare
1294 2724 1360 2769 cre·

348 2796 480 2879 dantur,
510 2795 550 2859 ad
583 2795 719 2860 alterurn
752 2794 849 2858 debet
876 2794 1038 2878 pertinere
1066 2794 1256 2876 tractatum,
1284 2791 1361 2875 quia

347 2884 401 2949 hic
424 2883 546 2948 sufficit
564 2883 729 2968 aperuisse
752 2883 922 2966 rationem,
946 2903 1002 2946 our
1025 2880 1092 2945 alia
1114 2879 1271 2945 terribilis
1294 2878 1361 2943 alia

348 2972 502 3038 salutaris
527 2971 738 3037 existimetur.
776 2973 809 3036 et
827 2969 975 3036 Plotinus
995 2967 1123 3054 quidem
1151 2968 1184 3033 in
1202 2968 1286 3033 libro
1304 2966 1411 3052 quint

347 3061 536 3128 inscribitur
573 3061 605 3127 si
640 3061 789 3126 faciunt
820 3062 940 3143 astro,
972 3057 1176 3145 pronuntiat,
1208 3057 1291 3123 nihil
1327 3056 1360 3120 ui

307 3153 398 3217 rauel
423 3153 588 3235 potestate
611 3174 722 3217 eorum
746 3150 931 3216 hominibus
955 3149 1099 3233 euenire,
1123 3148 1180 3215 sed
1203 3170 1255 3233 ea,
1277 3168 1361 3232 quae

347 3241 468 3310 decreti
495 3241 670 3307 necessitas
701 3241 735 3306 in
763 3240 909 3327 singulos
937 3239 1056 3322 sancit,
1084 3238 1132 3303 ita
1159 3258 1216 3322 per
1244 3237 1361 3302 horum

348 3334 474 3417 septem
492 3331 668 3396 transitum
693 3329 868 3396 stationem
892 3350 1095 3395 recessumue
1115 3326 1300 3408 monstrari,
1323 3328 1361 3390 ut

347 3444 423 3487 aues
447 3442 505 3487 seu
528 3418 796 3505 praeteruolando
820 3441 876 3485 seu
900 3417 1016 3484 stando
1039 3416 1148 3482 futura
1171 3417 1289 3502 pennis
1308 3415 1359 3479 uel

347 3533 425 3578 uoce
455 3511 643 3596 significant
670 3511 860 3575 nescientes.
920 3509 966 3574 sic
999 3528 1126 3595 quoque
1154 3509 1263 3572 tamen
1292 3505 1361 3571 iure

307 3620 334 3659 το
347 3602 517 3668 uocabitur
543 3601 597 3666 hio
624 3599 792 3684 salutaris,
817 3599 871 3664 ille
899 3598 1069 3679 terribilia,
1096 3618 1167 3663 cum
1196 3618 1255 3681 per
1276 3596 1363 3661 hunc

347 3710 511 3774 prospera,
534 3711 592 3773 per
614 3690 708 3754 illum
732 3688 956 3771 significentur
978 3684 1191 3751 incommoda.

436 3812 476 3878 In
498 3812 549 3879 his
573 3817 682 3878 autem
700 3815 752 3878 tot
770 3811 965 3890 nominibus,
988 3830 1071 3896 quae
1090 3808 1129 3873 do
1149 3807 1217 3872 sole
1236 3803 1415 3872 dicun-XX

346 3905 408 3985 tur,
430 3923 494 3968 non
519 3902 641 3967 frustra
662 3922 722 3966 neo
745 3900 784 3965 ad
806 3900 911 3965 laudis
930 3919 1084 3985 pompam
1104 3896 1234 3962 lasciuit
1252 3895 1357 3960 oratio

418 4091 538 4147 tiotrat
555 4091 584 4145 Β
648 4089 824 4157 taurusque
842 4089 870 4142 Β
935 4093 968 4141 10
987 4087 1152 4142 benenetroa
1169 4081 1204 4140 Β
1265 4091 1297 4138 18
1316 4100 1360 4138 ra-

347 4164 452 4215 tionem
471 4161 499 4213 Β
572 4162 762 4214 iurationem
783 4154 818 4213 B'
891 4161 926 4210 24
944 4155 1033 4210 moini
1053 4157 1081 4210 Β
1160 4159 1195 4210 26
1215 4154 1315 4209 ianrcrt
1333 4153 1362 4207 Β

383 4247 514 4300 prorum
535 4231 562 4282 Β
617 4235 651 4283 88
671 4229 757 4282 tustra
776 4223 817 4282 B'
