<?xml version="1.0" encoding="UTF-8"?>
<!DOCTYPE html PUBLIC "-//W3C//DTD XHTML 1.0 Transitional//EN"
    "http://www.w3.org/TR/xhtml1/DTD/xhtml1-transitional.dtd">
<html xmlns="http://www.w3.org/1999/xhtml" xml:lang="en" lang="en">
 <head>
  <title>
</title>
<meta http-equiv="Content-Type" content="text/html;charset=utf-8" />
  <meta name='ocr-system' content='tesseract 3.04.00' />
  <meta name='ocr-capabilities' content='ocr_page ocr_carea ocr_par ocr_line ocrx_word'/>
</head>
<body>
  <div class='ocr_page' id='page_1' title='image "./macrobius00cicegoog_0130.png"; bbox 0 0 3442 5190; ppageno 0'>
   <div class='ocr_carea' id='block_1_1' title="bbox 360 800 980 869">
    <p class='ocr_par' dir='ltr' id='par_1_1' title="bbox 360 800 980 869">
     <span class='ocr_line' id='line_1_1' title="bbox 360 800 980 869; baseline -0.002 -10"><span class='ocrx_word' id='word_1_1' title='bbox 360 805 423 869; x_wconf 81' lang='grc'>116</span> <span class='ocrx_word' id='word_1_2' title='bbox 759 803 834 859; x_wconf 73' lang='grc' dir='ltr'><strong>ΕΔΤ.</strong></span> <span class='ocrx_word' id='word_1_3' title='bbox 853 800 949 859; x_wconf 81' lang='lat' dir='ltr'>LIBRI</span> <span class='ocrx_word' id='word_1_4' title='bbox 969 804 980 858; x_wconf 95' lang='lat' dir='ltr'>I</span> 
     </span>
    </p>
   </div>
   <div class='ocr_carea' id='block_1_2' title="bbox 307 955 1373 1317">
    <p class='ocr_par' dir='ltr' id='par_1_2' title="bbox 307 955 1373 1317">
     <span class='ocr_line' id='line_1_2' title="bbox 307 955 1194 1052; baseline -0.002 -20"><span class='ocrx_word' id='word_1_5' title='bbox 307 968 347 1033; x_wconf 73' lang='lat'><strong>17</strong></span> <span class='ocrx_word' id='word_1_6' title='bbox 358 963 425 1052; x_wconf 77' lang='grc' dir='ltr'><strong>εἰμὶ</strong></span> <span class='ocrx_word' id='word_1_7' title='bbox 448 966 528 1043; x_wconf 77' lang='grc' dir='ltr'><strong>θεὸς</strong></span> <span class='ocrx_word' id='word_1_8' title='bbox 548 967 676 1041; x_wconf 81' lang='grc' dir='ltr'><strong>τοιόςὸε</strong></span> <span class='ocrx_word' id='word_1_9' title='bbox 699 971 875 1048; x_wconf 55' lang='lat' dir='ltr'><strong>potatae</strong></span> <span class='ocrx_word' id='word_1_10' title='bbox 857 955 983 1029; x_wconf 81' lang='grc' dir='ltr'><em>οἷόν’</em></span> <span class='ocrx_word' id='word_1_11' title='bbox 952 989 973 1029; x_wconf 84' lang='grc' dir='ltr'><strong><em>κ</em></strong></span> <span class='ocrx_word' id='word_1_12' title='bbox 1011 962 1075 1046; x_wconf 79' lang='grc' dir='ltr'><strong>ἐγὼ</strong></span> <span class='ocrx_word' id='word_1_13' title='bbox 1099 971 1194 1030; x_wconf 75' lang='grc' dir='ltr'><strong><em>εἴπω</em></strong></span> 
     </span>
     <span class='ocr_line' id='line_1_3' title="bbox 358 1047 1217 1159; baseline -0.005 -39"><span class='ocrx_word' id='word_1_14' title='bbox 358 1054 515 1156; x_wconf 76' lang='grc' dir='ltr'><strong>οὐράνιος</strong></span> <span class='ocrx_word' id='word_1_15' title='bbox 536 1055 659 1138; x_wconf 82' lang='grc' dir='ltr'><strong><em>κόσμος</em></strong></span> <span class='ocrx_word' id='word_1_16' title='bbox 681 1055 821 1137; x_wconf 76' lang='grc' dir='ltr'><strong><em>κεφαλή,</em></strong></span> <span class='ocrx_word' id='word_1_17' title='bbox 843 1053 968 1159; x_wconf 75' lang='grc' dir='ltr'><strong><em>γαστὴρ</em></strong></span> <span class='ocrx_word' id='word_1_18' title='bbox 992 1047 1029 1116; x_wconf 74' lang='lat' dir='ltr'><strong>dt</strong></span> <span class='ocrx_word' id='word_1_19' title='bbox 1050 1052 1217 1136; x_wconf 76' lang='grc' dir='ltr'><strong><em>θάλασσα,</em></strong></span> 
     </span>
     <span class='ocr_line' id='line_1_4' title="bbox 359 1133 1373 1226; baseline -0.002 -19"><span class='ocrx_word' id='word_1_20' title='bbox 359 1152 437 1226; x_wconf 74' lang='grc' dir='ltr'><strong>γαῖα</strong></span> <span class='ocrx_word' id='word_1_21' title='bbox 460 1139 497 1206; x_wconf 82' lang='grc' dir='ltr'><strong>δὲ</strong></span> <span class='ocrx_word' id='word_1_22' title='bbox 519 1165 576 1226; x_wconf 87' lang='grc' dir='ltr'><strong>μοι</strong></span> <span class='ocrx_word' id='word_1_23' title='bbox 598 1142 698 1217; x_wconf 78' lang='grc' dir='ltr'><strong><em>πόδες</em></strong></span> <span class='ocrx_word' id='word_1_24' title='bbox 720 1142 801 1224; x_wconf 79' lang='grc' dir='ltr'><strong><em>εἰσί,</em></strong></span> <span class='ocrx_word' id='word_1_25' title='bbox 823 1133 916 1205; x_wconf 78' lang='grc' dir='ltr'><strong><em>τὰδ’</em></strong></span> <span class='ocrx_word' id='word_1_26' title='bbox 944 1134 1035 1205; x_wconf 81' lang='grc' dir='ltr'>οὔατ’</span> <span class='ocrx_word' id='word_1_27' title='bbox 1062 1139 1100 1206; x_wconf 80' lang='grc' dir='ltr'><strong>ἐν</strong></span> <span class='ocrx_word' id='word_1_28' title='bbox 1123 1138 1234 1226; x_wconf 71' lang='grc' dir='ltr'><strong>αἰθέρι</strong></span> <span class='ocrx_word' id='word_1_29' title='bbox 1257 1150 1373 1222; x_wconf 72' lang='grc' dir='ltr'><strong>κειται,</strong></span> 
     </span>
     <span class='ocr_line' id='line_1_5' title="bbox 359 1225 1121 1317; baseline -0.004 -20"><span class='ocrx_word' id='word_1_30' title='bbox 359 1233 448 1317; x_wconf 80' lang='grc' dir='ltr'><strong><em>ὄμμα</em></strong></span> <span class='ocrx_word' id='word_1_31' title='bbox 470 1253 504 1296; x_wconf 81' lang='grc' dir='ltr'><strong>τε</strong></span> <span class='ocrx_word' id='word_1_32' title='bbox 527 1225 686 1314; x_wconf 72' lang='grc' dir='ltr'><strong>τηλαυγὲς</strong></span> <span class='ocrx_word' id='word_1_33' title='bbox 708 1231 859 1315; x_wconf 77' lang='grc' dir='ltr'><strong><em>λαμπρὸν</em></strong></span> <span class='ocrx_word' id='word_1_34' title='bbox 882 1225 967 1314; x_wconf 77' lang='grc' dir='ltr'><strong><em>φάος</em></strong></span> <span class='ocrx_word' id='word_1_35' title='bbox 988 1228 1121 1314; x_wconf 72' lang='grc' dir='ltr'><strong>ἠελίοιο.</strong></span> 
     </span>
    </p>
   </div>
   <div class='ocr_carea' id='block_1_3' title="bbox 309 1353 1420 3471">
    <p class='ocr_par' dir='ltr' id='par_1_3' title="bbox 309 1353 1415 1865">
     <span class='ocr_line' id='line_1_6' title="bbox 309 1353 1414 1441; baseline -0.005 -18"><span class='ocrx_word' id='word_1_36' title='bbox 309 1357 398 1424; x_wconf 78' lang='lat'>1801</span> <span class='ocrx_word' id='word_1_37' title='bbox 426 1356 478 1422; x_wconf 88' lang='lat' dir='ltr'><strong>his</strong></span> <span class='ocrx_word' id='word_1_38' title='bbox 506 1357 656 1441; x_wconf 86' lang='lat' dir='ltr'><strong>apparet,</strong></span> <span class='ocrx_word' id='word_1_39' title='bbox 680 1353 811 1439; x_wconf 83' lang='lat' dir='ltr'><strong>Sarapis</strong></span> <span class='ocrx_word' id='word_1_40' title='bbox 835 1356 868 1420; x_wconf 87' lang='lat' dir='ltr'><strong>ct</strong></span> <span class='ocrx_word' id='word_1_41' title='bbox 892 1353 971 1420; x_wconf 86' lang='lat' dir='ltr'><strong>solis</strong></span> <span class='ocrx_word' id='word_1_42' title='bbox 995 1375 1092 1419; x_wconf 89' lang='lat' dir='ltr'><strong>unam</strong></span> <span class='ocrx_word' id='word_1_43' title='bbox 1116 1357 1149 1420; x_wconf 90' lang='lat' dir='ltr'><strong>et</strong></span> <span class='ocrx_word' id='word_1_44' title='bbox 1172 1353 1370 1420; x_wconf 89' lang='lat' dir='ltr'><strong>indiuiduam</strong></span> <span class='ocrx_word' id='word_1_45' title='bbox 1400 1378 1414 1418; x_wconf 84' lang='lat' dir='ltr'><strong>s</strong></span> 
     </span>
     <span class='ocr_line' id='line_1_7' title="bbox 359 1442 1373 1529; baseline -0.005 -16"><span class='ocrx_word' id='word_1_46' title='bbox 359 1467 430 1513; x_wconf 90' lang='lat' dir='ltr'><strong>esse</strong></span> <span class='ocrx_word' id='word_1_47' title='bbox 458 1448 620 1512; x_wconf 82' lang='lat' dir='ltr'><strong>naturam.</strong></span> <span class='ocrx_word' id='word_1_48' title='bbox 665 1442 728 1509; x_wconf 84' lang='lat' dir='ltr'><strong>isis</strong></span> <span class='ocrx_word' id='word_1_49' title='bbox 755 1443 867 1509; x_wconf 89' lang='lat' dir='ltr'><strong>iuncta</strong></span> <span class='ocrx_word' id='word_1_50' title='bbox 889 1444 1046 1528; x_wconf 86' lang='lat' dir='ltr'><strong>religione</strong></span> <span class='ocrx_word' id='word_1_51' title='bbox 1069 1443 1265 1529; x_wconf 87' lang='lat' dir='ltr'><strong>celebratur,</strong></span> <span class='ocrx_word' id='word_1_52' title='bbox 1290 1465 1373 1528; x_wconf 90' lang='lat' dir='ltr'><strong>quae</strong></span> 
     </span>
     <span class='ocr_line' id='line_1_8' title="bbox 360 1531 1373 1601; baseline -0.005 0"><span class='ocrx_word' id='word_1_53' title='bbox 360 1538 410 1601; x_wconf 89' lang='lat' dir='ltr'><strong>est</strong></span> <span class='ocrx_word' id='word_1_54' title='bbox 438 1534 491 1598; x_wconf 88' lang='lat' dir='ltr'><strong>uel</strong></span> <span class='ocrx_word' id='word_1_55' title='bbox 519 1537 606 1598; x_wconf 89' lang='lat' dir='ltr'><strong>terra</strong></span> <span class='ocrx_word' id='word_1_56' title='bbox 635 1532 688 1597; x_wconf 86' lang='lat' dir='ltr'><strong>uel</strong></span> <span class='ocrx_word' id='word_1_57' title='bbox 711 1535 829 1598; x_wconf 89' lang='lat' dir='ltr'><strong>natura</strong></span> <span class='ocrx_word' id='word_1_58' title='bbox 851 1553 960 1596; x_wconf 88' lang='lat' dir='ltr'><strong>rerum</strong></span> <span class='ocrx_word' id='word_1_59' title='bbox 983 1531 1151 1596; x_wconf 91' lang='lat' dir='ltr'><strong>subiacens</strong></span> <span class='ocrx_word' id='word_1_60' title='bbox 1180 1531 1252 1597; x_wconf 87' lang='lat' dir='ltr'><strong>soti.</strong></span> <span class='ocrx_word' id='word_1_61' title='bbox 1297 1531 1373 1596; x_wconf 90' lang='lat' dir='ltr'><strong>hinc</strong></span> 
     </span>
     <span class='ocr_line' id='line_1_9' title="bbox 359 1618 1373 1708; baseline -0.006 -18"><span class='ocrx_word' id='word_1_62' title='bbox 359 1627 419 1708; x_wconf 82' lang='lat' dir='ltr'><strong>eet,</strong></span> <span class='ocrx_word' id='word_1_63' title='bbox 441 1622 526 1708; x_wconf 88' lang='lat' dir='ltr'><strong>quod</strong></span> <span class='ocrx_word' id='word_1_64' title='bbox 550 1619 749 1687; x_wconf 89' lang='lat' dir='ltr'><strong>continuatis</strong></span> <span class='ocrx_word' id='word_1_65' title='bbox 772 1618 926 1685; x_wconf 84' lang='lat' dir='ltr'>uberibus</span> <span class='ocrx_word' id='word_1_66' title='bbox 949 1641 1065 1704; x_wconf 93' lang='lat' dir='ltr'><strong>corpus</strong></span> <span class='ocrx_word' id='word_1_67' title='bbox 1087 1618 1165 1685; x_wconf 88' lang='lat' dir='ltr'><strong>deae</strong></span> <span class='ocrx_word' id='word_1_68' title='bbox 1184 1641 1279 1685; x_wconf 91' lang='lat' dir='ltr'><strong>omne</strong></span> <span class='ocrx_word' id='word_1_69' title='bbox 1297 1619 1373 1684; x_wconf 90' lang='lat' dir='ltr'><strong>den-</strong></span> 
     </span>
     <span class='ocr_line' id='line_1_10' title="bbox 360 1708 1373 1796; baseline -0.006 -18"><span class='ocrx_word' id='word_1_70' title='bbox 360 1715 460 1794; x_wconf 89' lang='lat' dir='ltr'><strong>setur,</strong></span> <span class='ocrx_word' id='word_1_71' title='bbox 483 1711 560 1796; x_wconf 89' lang='lat' dir='ltr'><strong>quia</strong></span> <span class='ocrx_word' id='word_1_72' title='bbox 582 1710 634 1775; x_wconf 93' lang='lat' dir='ltr'><strong>uel</strong></span> <span class='ocrx_word' id='word_1_73' title='bbox 656 1713 762 1775; x_wconf 88' lang='lat' dir='ltr'><strong>terrae</strong></span> <span class='ocrx_word' id='word_1_74' title='bbox 784 1709 837 1774; x_wconf 92' lang='lat' dir='ltr'><strong>uel</strong></span> <span class='ocrx_word' id='word_1_75' title='bbox 859 1730 967 1775; x_wconf 90' lang='lat' dir='ltr'><strong>rarum</strong></span> <span class='ocrx_word' id='word_1_76' title='bbox 984 1713 1120 1774; x_wconf 88' lang='lat' dir='ltr'><strong>naturae</strong></span> <span class='ocrx_word' id='word_1_77' title='bbox 1139 1709 1209 1775; x_wconf 91' lang='lat' dir='ltr'><strong>altu</strong></span> <span class='ocrx_word' id='word_1_78' title='bbox 1227 1708 1373 1773; x_wconf 89' lang='lat' dir='ltr'><strong>nutritur·</strong></span> 
     </span>
     <span class='ocr_line' id='line_1_11' title="bbox 361 1797 1415 1865; baseline -0.004 -1"><span class='ocrx_word' id='word_1_79' title='bbox 361 1797 567 1865; x_wconf 82' lang='lat' dir='ltr'><strong>uniuersitas.</strong></span> <span class='ocrx_word' id='word_1_80' title='bbox 1388 1823 1415 1861; x_wconf 83' lang='lat' dir='ltr'><strong>ro</strong></span> 
     </span>
    </p>

    <p class='ocr_par' dir='ltr' id='par_1_4' title="bbox 309 1883 1415 2413">
     <span class='ocr_line' id='line_1_12' title="bbox 309 1883 1376 1970; baseline -0.003 -17"><span class='ocrx_word' id='word_1_81' title='bbox 309 1886 389 1953; x_wconf 86' lang='lat' dir='ltr'><strong>XXI</strong></span> <span class='ocrx_word' id='word_1_82' title='bbox 479 1886 633 1951; x_wconf 86' lang='lat' dir='ltr'><strong>Adonin</strong></span> <span class='ocrx_word' id='word_1_83' title='bbox 663 1905 789 1970; x_wconf 90' lang='lat' dir='ltr'><strong>quoque</strong></span> <span class='ocrx_word' id='word_1_84' title='bbox 826 1885 928 1950; x_wconf 86' lang='lat' dir='ltr'><strong>solem</strong></span> <span class='ocrx_word' id='word_1_85' title='bbox 965 1906 1034 1951; x_wconf 89' lang='lat' dir='ltr'><strong>csse</strong></span> <span class='ocrx_word' id='word_1_86' title='bbox 1070 1907 1135 1951; x_wconf 94' lang='lat' dir='ltr'><strong>non</strong></span> <span class='ocrx_word' id='word_1_87' title='bbox 1172 1883 1376 1951; x_wconf 77' lang='lat' dir='ltr'><strong>dubitabitur</strong></span> 
     </span>
     <span class='ocr_line' id='line_1_13' title="bbox 363 1973 1374 2060; baseline -0.001 -19"><span class='ocrx_word' id='word_1_88' title='bbox 363 1978 511 2060; x_wconf 89' lang='lat' dir='ltr'><strong>inspecta</strong></span> <span class='ocrx_word' id='word_1_89' title='bbox 546 1974 704 2059; x_wconf 76' lang='lat' dir='ltr'><strong>religione</strong></span> <span class='ocrx_word' id='word_1_90' title='bbox 740 1973 965 2058; x_wconf 80' lang='lat' dir='ltr'>Assyriorum,</span> <span class='ocrx_word' id='word_1_91' title='bbox 1002 1974 1086 2059; x_wconf 89' lang='lat' dir='ltr'><strong>apud</strong></span> <span class='ocrx_word' id='word_1_92' title='bbox 1124 1996 1205 2058; x_wconf 76' lang='lat' dir='ltr'><strong>aluos</strong></span> <span class='ocrx_word' id='word_1_93' title='bbox 1236 1973 1374 2040; x_wconf 85' lang='lat' dir='ltr'><strong>Veneris</strong></span> 
     </span>
     <span class='ocr_line' id='line_1_14' title="bbox 364 2062 1374 2148; baseline -0.001 -19"><span class='ocrx_word' id='word_1_94' title='bbox 364 2063 543 2130; x_wconf 84' lang='lat' dir='ltr'><strong>Architidis</strong></span> <span class='ocrx_word' id='word_1_95' title='bbox 571 2067 604 2127; x_wconf 89' lang='lat' dir='ltr'><strong>et</strong></span> <span class='ocrx_word' id='word_1_96' title='bbox 632 2062 755 2127; x_wconf 86' lang='lat' dir='ltr'><strong>Adonis</strong></span> <span class='ocrx_word' id='word_1_97' title='bbox 784 2062 925 2128; x_wconf 83' lang='lat' dir='ltr'><strong>maxima</strong></span> <span class='ocrx_word' id='word_1_98' title='bbox 953 2062 1030 2128; x_wconf 89' lang='lat' dir='ltr'><strong>olim</strong></span> <span class='ocrx_word' id='word_1_99' title='bbox 1060 2063 1225 2129; x_wconf 87' lang='lat' dir='ltr'><strong>uerrcratio</strong></span> <span class='ocrx_word' id='word_1_100' title='bbox 1259 2064 1374 2148; x_wconf 77' lang='lat' dir='ltr'><strong>uiguit,</strong></span> 
     </span>
     <span class='ocr_line' id='line_1_15' title="bbox 364 2151 1374 2239; baseline -0.003 -20"><span class='ocrx_word' id='word_1_101' title='bbox 364 2176 461 2239; x_wconf 87' lang='lat' dir='ltr'><strong>quarn</strong></span> <span class='ocrx_word' id='word_1_102' title='bbox 480 2174 567 2217; x_wconf 91' lang='lat' dir='ltr'><strong>nunc</strong></span> <span class='ocrx_word' id='word_1_103' title='bbox 580 2151 759 2217; x_wconf 82' lang='lat' dir='ltr'><strong>Phoenices</strong></span> <span class='ocrx_word' id='word_1_104' title='bbox 773 2155 893 2218; x_wconf 86' lang='lat' dir='ltr'><strong>tenent.</strong></span> <span class='ocrx_word' id='word_1_105' title='bbox 924 2175 1001 2216; x_wconf 90' lang='lat' dir='ltr'><strong>uarn</strong></span> <span class='ocrx_word' id='word_1_106' title='bbox 1014 2152 1141 2236; x_wconf 82' lang='lat' dir='ltr'><strong>physici</strong></span> <span class='ocrx_word' id='word_1_107' title='bbox 1156 2156 1263 2217; x_wconf 87' lang='lat' dir='ltr'><strong>terrae</strong></span> <span class='ocrx_word' id='word_1_108' title='bbox 1281 2174 1374 2236; x_wconf 91' lang='lat' dir='ltr'><strong>supe·</strong></span> 
     </span>
     <span class='ocr_line' id='line_1_16' title="bbox 364 2239 1415 2324; baseline -0.005 -18"><span class='ocrx_word' id='word_1_109' title='bbox 364 2243 432 2306; x_wconf 87' lang='lat' dir='ltr'><strong>rius</strong></span> <span class='ocrx_word' id='word_1_110' title='bbox 450 2239 732 2323; x_wconf 79' lang='lat' dir='ltr'><strong>hemisphaerium,</strong></span> <span class='ocrx_word' id='word_1_111' title='bbox 755 2239 845 2304; x_wconf 91' lang='lat' dir='ltr'><strong>cuius</strong></span> <span class='ocrx_word' id='word_1_112' title='bbox 865 2243 992 2324; x_wconf 88' lang='lat' dir='ltr'><strong>partem</strong></span> <span class='ocrx_word' id='word_1_113' title='bbox 1010 2239 1192 2323; x_wconf 86' lang='lat' dir='ltr'><strong>incolimus,</strong></span> <span class='ocrx_word' id='word_1_114' title='bbox 1209 2239 1415 2306; x_wconf 80' lang='lat' dir='ltr'><strong>Veneriam</strong></span> 
     </span>
     <span class='ocr_line' id='line_1_17' title="bbox 365 2325 1377 2413; baseline -0.003 -20"><span class='ocrx_word' id='word_1_115' title='bbox 365 2328 585 2413; x_wconf 75' lang='lat' dir='ltr'><strong>appellatione</strong></span> <span class='ocrx_word' id='word_1_116' title='bbox 613 2327 795 2410; x_wconf 88' lang='lat' dir='ltr'><strong>coluerunt,</strong></span> <span class='ocrx_word' id='word_1_117' title='bbox 828 2325 963 2391; x_wconf 86' lang='lat' dir='ltr'><strong>inferius</strong></span> <span class='ocrx_word' id='word_1_118' title='bbox 995 2349 1073 2392; x_wconf 92' lang='lat' dir='ltr'><strong>uero</strong></span> <span class='ocrx_word' id='word_1_119' title='bbox 1101 2326 1377 2410; x_wconf 88' lang='lat' dir='ltr'><strong>hemisphaerium</strong></span> 
     </span>
    </p>

    <p class='ocr_par' dir='ltr' id='par_1_5' title="bbox 334 2413 1420 2849">
     <span class='ocr_line' id='line_1_18' title="bbox 334 2413 1378 2517; baseline -0.003 -35"><span class='ocrx_word' id='word_1_120' title='bbox 334 2421 471 2517; x_wconf 79' lang='lat' dir='ltr'><strong>2terrae</strong></span> <span class='ocrx_word' id='word_1_121' title='bbox 491 2413 764 2498; x_wconf 86' lang='lat' dir='ltr'><strong>Proserpinam</strong></span> <span class='ocrx_word' id='word_1_122' title='bbox 783 2418 990 2479; x_wconf 90' lang='lat' dir='ltr'><strong>uocauerunt.</strong></span> <span class='ocrx_word' id='word_1_123' title='bbox 1027 2433 1104 2497; x_wconf 86' lang='lat' dir='ltr'><strong>ergo</strong></span> <span class='ocrx_word' id='word_1_124' title='bbox 1124 2413 1210 2496; x_wconf 89' lang='lat' dir='ltr'><strong>apud</strong></span> <span class='ocrx_word' id='word_1_125' title='bbox 1224 2414 1378 2498; x_wconf 83' lang='lat' dir='ltr'><strong>Assyrios</strong></span> 
     </span>
     <span class='ocr_line' id='line_1_19' title="bbox 366 2500 1377 2585; baseline -0.003 -16"><span class='ocrx_word' id='word_1_126' title='bbox 366 2504 435 2569; x_wconf 89' lang='lat' dir='ltr'><strong>siue</strong></span> <span class='ocrx_word' id='word_1_127' title='bbox 458 2501 637 2567; x_wconf 87' lang='lat' dir='ltr'><strong>Phoenicas</strong></span> <span class='ocrx_word' id='word_1_128' title='bbox 661 2501 775 2585; x_wconf 84' lang='lat' dir='ltr'><strong>lugens</strong></span> <span class='ocrx_word' id='word_1_129' title='bbox 798 2501 959 2565; x_wconf 81' lang='lat' dir='ltr'><strong>inducitur</strong></span> <span class='ocrx_word' id='word_1_130' title='bbox 982 2500 1054 2584; x_wconf 89' lang='lat' dir='ltr'><strong>dea,</strong></span> <span class='ocrx_word' id='word_1_131' title='bbox 1083 2501 1167 2584; x_wconf 91' lang='lat' dir='ltr'><strong>quod</strong></span> <span class='ocrx_word' id='word_1_132' title='bbox 1197 2502 1246 2567; x_wconf 89' lang='lat' dir='ltr'><strong>sol</strong></span> <span class='ocrx_word' id='word_1_133' title='bbox 1269 2522 1377 2566; x_wconf 89' lang='lat' dir='ltr'><strong>annuo</strong></span> 
     </span>
     <span class='ocr_line' id='line_1_20' title="bbox 367 2587 1379 2676; baseline -0.003 -20"><span class='ocrx_word' id='word_1_134' title='bbox 367 2613 481 2676; x_wconf 79' lang='lat' dir='ltr'><strong>gressu</strong></span> <span class='ocrx_word' id='word_1_135' title='bbox 508 2610 567 2673; x_wconf 91' lang='lat' dir='ltr'><strong>per</strong></span> <span class='ocrx_word' id='word_1_136' title='bbox 595 2588 762 2654; x_wconf 83' lang='lat' dir='ltr'><strong>duodecim</strong></span> <span class='ocrx_word' id='word_1_137' title='bbox 791 2589 959 2673; x_wconf 86' lang='lat' dir='ltr'><strong>signorum</strong></span> <span class='ocrx_word' id='word_1_138' title='bbox 983 2587 1127 2653; x_wconf 86' lang='lat' dir='ltr'><strong>ordinem</strong></span> <span class='ocrx_word' id='word_1_139' title='bbox 1149 2609 1286 2673; x_wconf 83' lang='lat' dir='ltr'><strong>pergens</strong></span> <span class='ocrx_word' id='word_1_140' title='bbox 1309 2611 1379 2674; x_wconf 92' lang='lat' dir='ltr'><strong>par-</strong></span> 
     </span>
     <span class='ocr_line' id='line_1_21' title="bbox 366 2675 1420 2778; baseline -0.004 -36"><span class='ocrx_word' id='word_1_141' title='bbox 366 2686 435 2743; x_wconf 87' lang='lat' dir='ltr'><strong>tem</strong></span> <span class='ocrx_word' id='word_1_142' title='bbox 463 2698 590 2762; x_wconf 88' lang='lat' dir='ltr'><strong>quoque</strong></span> <span class='ocrx_word' id='word_1_143' title='bbox 622 2675 854 2778; x_wconf 82' lang='lat' dir='ltr'><strong>hemisphaerii</strong></span> <span class='ocrx_word' id='word_1_144' title='bbox 886 2675 1048 2740; x_wconf 87' lang='lat' dir='ltr'><strong>inferioris</strong></span> <span class='ocrx_word' id='word_1_145' title='bbox 1076 2676 1272 2762; x_wconf 77' lang='lat' dir='ltr'><strong>ingreditur,</strong></span> <span class='ocrx_word' id='word_1_146' title='bbox 1304 2676 1401 2761; x_wconf 91' lang='lat' dir='ltr'><strong>quia</strong></span> <span class='ocrx_word' id='word_1_147' title='bbox 1395 2703 1420 2737; x_wconf 78' lang='lat' dir='ltr'><strong>:a</strong></span> 
     </span>
     <span class='ocr_line' id='line_1_22' title="bbox 367 2763 1381 2849; baseline -0.002 -17"><span class='ocrx_word' id='word_1_148' title='bbox 367 2768 407 2832; x_wconf 85' lang='lat' dir='ltr'><strong>de</strong></span> <span class='ocrx_word' id='word_1_149' title='bbox 430 2765 643 2830; x_wconf 84' lang='lat' dir='ltr'><strong>duodecim</strong></span> <span class='ocrx_word' id='word_1_150' title='bbox 617 2766 746 2849; x_wconf 78' lang='lat' dir='ltr'><strong>signis</strong></span> <span class='ocrx_word' id='word_1_151' title='bbox 740 2763 861 2829; x_wconf 80' lang='lat' dir='ltr'><strong>zodiaci</strong></span> <span class='ocrx_word' id='word_1_152' title='bbox 881 2786 935 2829; x_wconf 83' lang='lat' dir='ltr'><strong>sex</strong></span> <span class='ocrx_word' id='word_1_153' title='bbox 954 2766 1129 2849; x_wconf 88' lang='lat' dir='ltr'><strong>superiora,</strong></span> <span class='ocrx_word' id='word_1_154' title='bbox 1153 2788 1209 2830; x_wconf 86' lang='lat' dir='ltr'><strong>sex</strong></span> <span class='ocrx_word' id='word_1_155' title='bbox 1228 2765 1381 2831; x_wconf 86' lang='lat' dir='ltr'><strong>inferiora</strong></span> 
     </span>
    </p>

    <p class='ocr_par' dir='ltr' id='par_1_6' title="bbox 336 2852 1419 3471">
     <span class='ocr_line' id='line_1_23' title="bbox 336 2852 1378 2922; baseline -0.002 -1"><span class='ocrx_word' id='word_1_156' title='bbox 336 2860 548 2922; x_wconf 73' lang='lat' dir='ltr'><strong>ticensentur</strong></span> <span class='ocrx_word' id='word_1_157' title='bbox 600 2858 633 2918; x_wconf 88' lang='lat' dir='ltr'><strong>et</strong></span> <span class='ocrx_word' id='word_1_158' title='bbox 660 2875 733 2918; x_wconf 82' lang='lat' dir='ltr'><strong>cunr</strong></span> <span class='ocrx_word' id='word_1_159' title='bbox 763 2853 854 2918; x_wconf 89' lang='lat' dir='ltr'><strong>eet</strong></span> <span class='ocrx_word' id='word_1_160' title='bbox 845 2874 879 2917; x_wconf 89' lang='grc' dir='ltr'><strong>ιιι</strong></span> <span class='ocrx_word' id='word_1_161' title='bbox 911 2852 1180 2919; x_wconf 86' lang='lat' dir='ltr'><strong>inferioribuet</strong></span> <span class='ocrx_word' id='word_1_162' title='bbox 1147 2859 1180 2919; x_wconf 90' lang='lat' dir='ltr'><strong>et</strong></span> <span class='ocrx_word' id='word_1_163' title='bbox 1211 2854 1282 2919; x_wconf 92' lang='lat' dir='ltr'><strong>ideo</strong></span> <span class='ocrx_word' id='word_1_164' title='bbox 1310 2854 1378 2919; x_wconf 86' lang='lat' dir='ltr'><strong>dies</strong></span> 
     </span>
     <span class='ocr_line' id='line_1_24' title="bbox 370 2941 1380 3027; baseline -0.004 -18"><span class='ocrx_word' id='word_1_165' title='bbox 370 2944 533 3009; x_wconf 88' lang='lat' dir='ltr'><strong>breuiores</strong></span> <span class='ocrx_word' id='word_1_166' title='bbox 564 2942 660 3025; x_wconf 85' lang='lat' dir='ltr'><strong>iacit,</strong></span> <span class='ocrx_word' id='word_1_167' title='bbox 694 2944 805 3026; x_wconf 82' lang='lat' dir='ltr'><strong>lugere</strong></span> <span class='ocrx_word' id='word_1_168' title='bbox 837 2941 977 3006; x_wconf 89' lang='lat' dir='ltr'><strong>creditur</strong></span> <span class='ocrx_word' id='word_1_169' title='bbox 1009 2942 1084 3027; x_wconf 90' lang='lat' dir='ltr'><strong>dea,</strong></span> <span class='ocrx_word' id='word_1_170' title='bbox 1116 2947 1280 3026; x_wconf 86' lang='lat' dir='ltr'><strong>tamquam</strong></span> <span class='ocrx_word' id='word_1_171' title='bbox 1312 2943 1380 3008; x_wconf 92' lang='lat' dir='ltr'><strong>sole</strong></span> 
     </span>
     <span class='ocr_line' id='line_1_25' title="bbox 367 2994 1380 3117; baseline -0.002 -20"><span class='ocrx_word' id='word_1_172' title='bbox 367 3037 464 3117; x_wconf 91' lang='lat' dir='ltr'><strong>raptu</strong></span> <span class='ocrx_word' id='word_1_173' title='bbox 482 3031 598 3096; x_wconf 86' lang='lat' dir='ltr'><strong>mortis</strong></span> <span class='ocrx_word' id='word_1_174' title='bbox 616 2994 807 3114; x_wconf 72' lang='lat' dir='ltr'><strong>temporalis</strong></span> <span class='ocrx_word' id='word_1_175' title='bbox 823 3029 942 3094; x_wconf 84' lang='lat' dir='ltr'><strong>amisso</strong></span> <span class='ocrx_word' id='word_1_176' title='bbox 957 3034 991 3094; x_wconf 91' lang='lat' dir='ltr'><strong>et</strong></span> <span class='ocrx_word' id='word_1_177' title='bbox 1004 3053 1024 3094; x_wconf 88' lang='lat' dir='ltr'><strong>a</strong></span> <span class='ocrx_word' id='word_1_178' title='bbox 1038 3029 1233 3115; x_wconf 88' lang='lat' dir='ltr'><strong>Proserpina</strong></span> <span class='ocrx_word' id='word_1_179' title='bbox 1246 3034 1380 3115; x_wconf 88' lang='lat' dir='ltr'><strong>retento,</strong></span> 
     </span>
     <span class='ocr_line' id='line_1_26' title="bbox 369 3116 1419 3205; baseline -0.005 -20"><span class='ocrx_word' id='word_1_180' title='bbox 369 3143 466 3205; x_wconf 89' lang='lat' dir='ltr'><strong>quam</strong></span> <span class='ocrx_word' id='word_1_181' title='bbox 493 3141 614 3184; x_wconf 90' lang='lat' dir='ltr'><strong>numen</strong></span> <span class='ocrx_word' id='word_1_182' title='bbox 646 3123 751 3182; x_wconf 85' lang='lat' dir='ltr'><strong>terrae</strong></span> <span class='ocrx_word' id='word_1_183' title='bbox 783 3116 946 3183; x_wconf 87' lang='lat' dir='ltr'><strong>inferioris</strong></span> <span class='ocrx_word' id='word_1_184' title='bbox 978 3120 1155 3184; x_wconf 74' lang='lat' dir='ltr'><strong>circuiit</strong></span> <span class='ocrx_word' id='word_1_185' title='bbox 1122 3124 1155 3184; x_wconf 87' lang='lat' dir='ltr'><strong>et</strong></span> <span class='ocrx_word' id='word_1_186' title='bbox 1187 3118 1377 3203; x_wconf 90' lang='lat' dir='ltr'><strong>antipodum</strong></span> <span class='ocrx_word' id='word_1_187' title='bbox 1393 3139 1419 3180; x_wconf 80' lang='grc' dir='ltr'><strong>ει</strong></span> 
     </span>
     <span class='ocr_line' id='line_1_27' title="bbox 369 3206 1377 3291; baseline 0 -18"><span class='ocrx_word' id='word_1_188' title='bbox 369 3209 517 3274; x_wconf 85' lang='lat' dir='ltr'><strong>diximus.</strong></span> <span class='ocrx_word' id='word_1_189' title='bbox 567 3229 756 3291; x_wconf 90' lang='lat' dir='ltr'><strong>rursumque</strong></span> <span class='ocrx_word' id='word_1_190' title='bbox 785 3206 915 3271; x_wconf 83' lang='lat' dir='ltr'><strong>Adonin</strong></span> <span class='ocrx_word' id='word_1_191' title='bbox 945 3207 1051 3272; x_wconf 90' lang='lat' dir='ltr'><strong>reddit</strong></span> <span class='ocrx_word' id='word_1_192' title='bbox 1037 3212 1105 3272; x_wconf 90' lang='lat' dir='ltr'><strong>tum</strong></span> <span class='ocrx_word' id='word_1_193' title='bbox 1138 3206 1258 3273; x_wconf 88' lang='lat' dir='ltr'><strong>Veneri</strong></span> <span class='ocrx_word' id='word_1_194' title='bbox 1291 3207 1377 3273; x_wconf 91' lang='lat' dir='ltr'><strong>credi</strong></span> 
     </span>
     <span class='ocr_line' id='line_1_28' title="bbox 370 3296 1380 3380; baseline -0.002 -17"><span class='ocrx_word' id='word_1_195' title='bbox 370 3298 495 3377; x_wconf 90' lang='lat' dir='ltr'><strong>uolunt,</strong></span> <span class='ocrx_word' id='word_1_196' title='bbox 525 3318 598 3363; x_wconf 89' lang='lat' dir='ltr'><strong>curn</strong></span> <span class='ocrx_word' id='word_1_197' title='bbox 626 3296 675 3361; x_wconf 87' lang='lat' dir='ltr'><strong>sol</strong></span> <span class='ocrx_word' id='word_1_198' title='bbox 704 3296 819 3360; x_wconf 90' lang='lat' dir='ltr'><strong>euictis</strong></span> <span class='ocrx_word' id='word_1_199' title='bbox 847 3316 902 3360; x_wconf 85' lang='lat' dir='ltr'><strong>sex</strong></span> <span class='ocrx_word' id='word_1_200' title='bbox 930 3296 1033 3380; x_wconf 84' lang='lat' dir='ltr'><strong>signis</strong></span> <span class='ocrx_word' id='word_1_201' title='bbox 1061 3296 1224 3362; x_wconf 86' lang='lat' dir='ltr'><strong>inferioris</strong></span> <span class='ocrx_word' id='word_1_202' title='bbox 1257 3296 1380 3362; x_wconf 91' lang='lat' dir='ltr'><strong>ordinis</strong></span> 
     </span>
     <span class='ocr_line' id='line_1_29' title="bbox 369 3384 1381 3471; baseline 0.001 -21"><span class='ocrx_word' id='word_1_203' title='bbox 369 3386 484 3471; x_wconf 88' lang='lat' dir='ltr'><strong>incipit</strong></span> <span class='ocrx_word' id='word_1_204' title='bbox 509 3386 614 3451; x_wconf 84' lang='lat' dir='ltr'><strong>nostri</strong></span> <span class='ocrx_word' id='word_1_205' title='bbox 638 3384 749 3450; x_wconf 90' lang='lat' dir='ltr'><strong>circuli</strong></span> <span class='ocrx_word' id='word_1_206' title='bbox 776 3384 917 3450; x_wconf 88' lang='lat' dir='ltr'><strong>lustrare</strong></span> <span class='ocrx_word' id='word_1_207' title='bbox 939 3385 1211 3469; x_wconf 86' lang='lat' dir='ltr'><strong>hemisphaerium</strong></span> <span class='ocrx_word' id='word_1_208' title='bbox 1235 3407 1307 3450; x_wconf 88' lang='lat' dir='ltr'><strong>curu</strong></span> <span class='ocrx_word' id='word_1_209' title='bbox 1335 3385 1381 3451; x_wconf 90' lang='lat' dir='ltr'><strong>iu·</strong></span> 
     </span>
    </p>
   </div>
   <div class='ocr_carea' id='block_1_4' title="bbox 370 3523 560 3532">
    <p class='ocr_par' dir='ltr' id='par_1_7' title="bbox 370 3523 560 3532">
     <span class='ocr_line' id='line_1_30' title="bbox 370 3523 560 3532; baseline -0.011 0"><span class='ocrx_word' id='word_1_210' title='bbox 370 3523 560 3532; x_wconf 44' lang='grc' dir='ltr'><strong>μήθ-.-</strong></span> 
     </span>
    </p>
   </div>
   <div class='ocr_carea' id='block_1_5' title="bbox 370 3595 1385 4216">
    <p class='ocr_par' dir='ltr' id='par_1_8' title="bbox 370 3595 1385 4216">
     <span class='ocr_line' id='line_1_31' title="bbox 444 3595 1385 3721; baseline 0.001 -70"><span class='ocrx_word' id='word_1_211' title='bbox 444 3598 553 3653; x_wconf 86' lang='grc' dir='ltr'>1ΚΕ1)</span> <span class='ocrx_word' id='word_1_212' title='bbox 620 3595 957 3652; x_wconf 63' lang='lat' dir='ltr'><strong>accesseramus</strong></span> <span class='ocrx_word' id='word_1_213' title='bbox 1020 3595 1197 3652; x_wconf 81' lang='grc' dir='ltr'>31Α1ΔΕΡ</span> <span class='ocrx_word' id='word_1_214' title='bbox 1258 3597 1385 3721; x_wconf 54' lang='grc' dir='ltr'><strong>δᾏΛΡ</strong></span> 
     </span>
     <span class='ocr_line' id='line_1_32' title="bbox 371 3666 1382 3738; baseline -0.003 -13"><span class='ocrx_word' id='word_1_215' title='bbox 371 3671 474 3725; x_wconf 73' lang='lat' dir='ltr'><strong>sarrai</strong></span> <span class='ocrx_word' id='word_1_216' title='bbox 494 3669 522 3722; x_wconf 99' lang='grc' dir='ltr'><strong><em>Β</em></strong></span> <span class='ocrx_word' id='word_1_217' title='bbox 576 3675 593 3722; x_wconf 80' lang='lat'>4</span> <span class='ocrx_word' id='word_1_218' title='bbox 611 3668 653 3723; x_wconf 86' lang='grc' dir='ltr'><strong>ΤΕ</strong></span> <span class='ocrx_word' id='word_1_219' title='bbox 673 3668 712 3722; x_wconf 86' lang='lat' dir='ltr'><strong>B:</strong></span> <span class='ocrx_word' id='word_1_220' title='bbox 732 3666 778 3720; x_wconf 85' lang='grc' dir='ltr'><strong>ΔΕ</strong></span> <span class='ocrx_word' id='word_1_221' title='bbox 797 3666 830 3734; x_wconf 89' lang='lat' dir='ltr'><strong>P,</strong></span> <span class='ocrx_word' id='word_1_222' title='bbox 851 3668 948 3722; x_wconf 65' lang='lat' dir='ltr'><strong>davide</strong></span> <span class='ocrx_word' id='word_1_223' title='bbox 965 3669 1033 3722; x_wconf 83' lang='grc' dir='ltr'><strong>ΤΗΑ</strong></span> <span class='ocrx_word' id='word_1_224' title='bbox 1052 3667 1277 3722; x_wconf 68' lang='lat' dir='ltr'><strong>arscennene</strong></span> <span class='ocrx_word' id='word_1_225' title='bbox 1304 3670 1325 3722; x_wconf 95' lang='grc' dir='ltr'>Ν</span> <span class='ocrx_word' id='word_1_226' title='bbox 1347 3669 1382 3738; x_wconf 87' lang='grc' dir='ltr'><strong>Ρ,</strong></span> 
     </span>
     <span class='ocr_line' id='line_1_33' title="bbox 370 3738 1382 3809; baseline 0 -15"><span class='ocrx_word' id='word_1_227' title='bbox 370 3739 768 3795; x_wconf 71' lang='grc' dir='ltr'>ΔΗΘΕΛΑΥΤΕΕΑΑΜΠΡΟΝ</span> <span class='ocrx_word' id='word_1_228' title='bbox 796 3738 824 3791; x_wconf 90' lang='grc' dir='ltr'><strong><em>Β</em></strong></span> <span class='ocrx_word' id='word_1_229' title='bbox 914 3738 1044 3793; x_wconf 87' lang='grc' dir='ltr'>ΕΗΛΙΟΙΟ</span> <span class='ocrx_word' id='word_1_230' title='bbox 1070 3738 1098 3791; x_wconf 91' lang='grc' dir='ltr'><strong><em>Β</em></strong></span> <span class='ocrx_word' id='word_1_231' title='bbox 1188 3745 1204 3793; x_wconf 78' lang='grc' dir='ltr'>ὁ</span> <span class='ocrx_word' id='word_1_232' title='bbox 1231 3739 1337 3809; x_wconf 85' lang='lat' dir='ltr'><strong>serapia</strong></span> <span class='ocrx_word' id='word_1_233' title='bbox 1365 3740 1382 3794; x_wconf 85' lang='lat' dir='ltr'><strong>h</strong></span> 
     </span>
     <span class='ocr_line' id='line_1_34' title="bbox 370 3807 1382 3878; baseline 0.001 -13"><span class='ocrx_word' id='word_1_234' title='bbox 370 3813 538 3865; x_wconf 72' lang='lat' dir='ltr'><strong>&#39;lucturam</strong></span> <span class='ocrx_word' id='word_1_235' title='bbox 555 3808 591 3864; x_wconf 82' lang='grc' dir='ltr'><strong><em>Β</em></strong></span> <span class='ocrx_word' id='word_1_236' title='bbox 664 3807 831 3863; x_wconf 65' lang='lat' dir='ltr'><strong>{identatur</strong></span> <span class='ocrx_word' id='word_1_237' title='bbox 849 3807 878 3862; x_wconf 87' lang='grc' dir='ltr'><em>Ρ</em></span> <span class='ocrx_word' id='word_1_238' title='bbox 949 3814 982 3862; x_wconf 89' lang='grc'>10</span> <span class='ocrx_word' id='word_1_239' title='bbox 1004 3815 1064 3878; x_wconf 82' lang='lat' dir='ltr'><strong>post</strong></span> <span class='ocrx_word' id='word_1_240' title='bbox 1082 3808 1247 3864; x_wconf 76' lang='lat' dir='ltr'><strong>uniuersitas</strong></span> <span class='ocrx_word' id='word_1_241' title='bbox 1263 3811 1327 3866; x_wconf 78' lang='lat' dir='ltr'><strong>cdd</strong></span> <span class='ocrx_word' id='word_1_242' title='bbox 1347 3812 1382 3866; x_wconf 87' lang='grc' dir='ltr'><strong>δΕ</strong></span> 
     </span>
     <span class='ocr_line' id='line_1_35' title="bbox 370 3878 1382 3952; baseline 0.001 -17"><span class='ocrx_word' id='word_1_243' title='bbox 370 3879 481 3936; x_wconf 81' lang='grc' dir='ltr'>ΛδΟΝΕ</span> <span class='ocrx_word' id='word_1_244' title='bbox 501 3880 629 3952; x_wconf 66' lang='lat' dir='ltr'><strong>arulae</strong></span> <span class='ocrx_word' id='word_1_245' title='bbox 648 3881 671 3938; x_wconf 80' lang='lat' dir='ltr'><strong>da</strong></span> <span class='ocrx_word' id='word_1_246' title='bbox 689 3878 785 3934; x_wconf 86' lang='lat' dir='ltr'><strong>OSlitl</strong></span> <span class='ocrx_word' id='word_1_247' title='bbox 802 3879 831 3932; x_wconf 88' lang='grc' dir='ltr'><strong><em>Β</em></strong></span> <span class='ocrx_word' id='word_1_248' title='bbox 901 3885 931 3932; x_wconf 92' lang='grc'><strong>11</strong></span> <span class='ocrx_word' id='word_1_249' title='bbox 952 3879 1097 3934; x_wconf 76' lang='lat' dir='ltr'><strong>dubitatur</strong></span> <span class='ocrx_word' id='word_1_250' title='bbox 1114 3878 1150 3933; x_wconf 90' lang='lat' dir='ltr'><strong>B&#39;</strong></span> <span class='ocrx_word' id='word_1_251' title='bbox 1225 3887 1257 3935; x_wconf 81' lang='lat'><strong>12</strong></span> <span class='ocrx_word' id='word_1_252' title='bbox 1276 3880 1382 3937; x_wconf 80' lang='lat' dir='ltr'><strong>asiano</strong></span> 
     </span>
     <span class='ocr_line' id='line_1_36' title="bbox 370 3949 1384 4020; baseline -0.001 -14"><span class='ocrx_word' id='word_1_253' title='bbox 370 3970 432 4006; x_wconf 91' lang='lat' dir='ltr'><strong>rum</strong></span> <span class='ocrx_word' id='word_1_254' title='bbox 459 3951 486 4004; x_wconf 94' lang='lat' dir='ltr'><strong><em>P</em></strong></span> <span class='ocrx_word' id='word_1_255' title='bbox 576 3959 608 4006; x_wconf 81' lang='grc'><strong>11</strong></span> <span class='ocrx_word' id='word_1_256' title='bbox 632 3949 755 4007; x_wconf 84' lang='lat' dir='ltr'><strong>ioemces</strong></span> <span class='ocrx_word' id='word_1_257' title='bbox 773 3950 801 4003; x_wconf 91' lang='lat' dir='ltr'><em>B</em></span> <span class='ocrx_word' id='word_1_258' title='bbox 889 3950 989 4020; x_wconf 83' lang='lat' dir='ltr'><strong>phrhcr</strong></span> <span class='ocrx_word' id='word_1_259' title='bbox 1010 3950 1068 4004; x_wconf 89' lang='lat' dir='ltr'><strong>BP</strong></span> <span class='ocrx_word' id='word_1_260' title='bbox 1154 3957 1186 4005; x_wconf 77' lang='lat'><strong>15</strong></span> <span class='ocrx_word' id='word_1_261' title='bbox 1206 3958 1231 4006; x_wconf 85' lang='lat' dir='ltr'><strong>et</strong></span> <span class='ocrx_word' id='word_1_262' title='bbox 1255 3958 1287 4008; x_wconf 75' lang='grc'>16</span> <span class='ocrx_word' id='word_1_263' title='bbox 1306 3958 1331 4008; x_wconf 82' lang='lat' dir='ltr'><strong>et</strong></span> <span class='ocrx_word' id='word_1_264' title='bbox 1349 3958 1384 4007; x_wconf 74' lang='lat'><strong>28</strong></span> 
     </span>
     <span class='ocr_line' id='line_1_37' title="bbox 370 3969 1384 4093; baseline 0.001 -18"><span class='ocrx_word' id='word_1_265' title='bbox 370 4021 462 4075; x_wconf 81' lang='lat' dir='ltr'><strong>hermi</strong></span> <span class='ocrx_word' id='word_1_266' title='bbox 459 4022 539 4090; x_wconf 79' lang='lat' dir='ltr'><strong>perui</strong></span> <span class='ocrx_word' id='word_1_267' title='bbox 560 4022 589 4076; x_wconf 89' lang='lat' dir='ltr'><strong><em>P</em></strong></span> <span class='ocrx_word' id='word_1_268' title='bbox 668 4030 699 4076; x_wconf 81' lang='grc'><strong>11</strong></span> <span class='ocrx_word' id='word_1_269' title='bbox 720 4020 828 4075; x_wconf 81' lang='lat' dir='ltr'><strong>affines</strong></span> <span class='ocrx_word' id='word_1_270' title='bbox 845 3969 908 4074; x_wconf 82' lang='lat' dir='ltr'><strong>Pp</strong></span> <span class='ocrx_word' id='word_1_271' title='bbox 953 4025 985 4073; x_wconf 82' lang='lat'><strong>18</strong></span> <span class='ocrx_word' id='word_1_272' title='bbox 1003 4020 1148 4093; x_wconf 71' lang='lat' dir='ltr'><strong>phptnrcat&#39;</strong></span> <span class='ocrx_word' id='word_1_273' title='bbox 1165 4021 1199 4090; x_wconf 88' lang='lat' dir='ltr'><strong>P,</strong></span> <span class='ocrx_word' id='word_1_274' title='bbox 1218 4021 1343 4078; x_wconf 76' lang='lat' dir='ltr'><strong>iconicas</strong></span> <span class='ocrx_word' id='word_1_275' title='bbox 1356 4023 1384 4076; x_wconf 99' lang='grc' dir='ltr'><strong><em>Β</em></strong></span> 
     </span>
     <span class='ocr_line' id='line_1_38' title="bbox 372 4089 1384 4216; baseline 0.001 -70"><span class='ocrx_word' id='word_1_276' title='bbox 372 4096 408 4216; x_wconf 64' lang='lat' dir='ltr'><strong>hg</strong></span> <span class='ocrx_word' id='word_1_277' title='bbox 425 4091 584 4216; x_wconf 51' lang='lat' dir='ltr'><strong>bumaggen]</strong></span> <span class='ocrx_word' id='word_1_278' title='bbox 605 4093 633 4146; x_wconf 89' lang='lat' dir='ltr'><strong><em>P</em></strong></span> <span class='ocrx_word' id='word_1_279' title='bbox 706 4090 803 4146; x_wconf 78' lang='lat' dir='ltr'><strong>miens</strong></span> <span class='ocrx_word' id='word_1_280' title='bbox 817 4090 846 4144; x_wconf 93' lang='grc' dir='ltr'><strong><em>Β</em></strong></span> <span class='ocrx_word' id='word_1_281' title='bbox 923 4091 1146 4146; x_wconf 66' lang='lat' dir='ltr'><strong>arrodantur</strong></span> <span class='ocrx_word' id='word_1_282' title='bbox 1163 4093 1221 4146; x_wconf 74' lang='lat' dir='ltr'><strong>aiat.</strong></span> <span class='ocrx_word' id='word_1_283' title='bbox 1241 4089 1276 4146; x_wconf 81' lang='grc' dir='ltr'><strong><em>Β</em></strong></span> <span class='ocrx_word' id='word_1_284' title='bbox 1350 4099 1384 4147; x_wconf 74' lang='lat'><strong>26</strong></span> 
     </span>
     <span class='ocr_line' id='line_1_39' title="bbox 372 4177 485 4216; baseline -0.009 -1"><span class='ocrx_word' id='word_1_285' title='bbox 372 4177 485 4216; x_wconf 89' lang='lat' dir='ltr'><strong>aonun</strong></span> 
     </span>
    </p>
   </div>
   <div class='ocr_carea' id='block_1_6' title="bbox 0 0 1747 5190">
    <p class='ocr_par' dir='ltr' id='par_1_9' title="bbox 0 0 1747 5190">
     <span class='ocr_line' id='line_1_40' title="bbox 0 0 1747 5190; baseline 0 0"><span class='ocrx_word' id='word_1_286' title='bbox 0 0 1747 5190; x_wconf 95' lang='lat' dir='ltr'><strong> </strong></span> 
     </span>
    </p>
   </div>
  </div>
 </body>
</html>
