3322 5190
250 801 318 869 562
480 797 593 855 contr.
613 797 653 854 lli
673 796 781 855 sulm.
801 796 888 854 SCIP.
907 795 1033 852 u18u11

252 964 358 1031 feeit.
395 983 460 1027 nou
479 960 566 1025 anim
586 962 633 1026 ait
650 961 717 1043 illa,
736 982 815 1046 quae
833 959 984 1025 Saturnia
1002 964 1060 1041 est,
1079 961 1140 1026 sad
1164 986 1295 1048 quam

252 1055 290 1117 in
324 1051 444 1115 terris
473 1048 696 1114 Saturniam
730 1049 946 1130 nominant,
979 1052 1011 1112 et
1037 1048 1108 1112 ille
1139 1051 1296 1137 fulgor

253 1140 316 1224 qui
354 1138 499 1203 dieitur
530 1136 654 1217 Iouis,
691 1141 729 1200 at
761 1158 870 1220 quem
904 1135 1083 1201 Martium
1117 1136 1293 1227 dicitis,

254 1229 335 1293 adeo
363 1224 521 1310 expressit
547 1226 580 1289 iu
608 1225 745 1309 singulis
773 1225 906 1290 nomina
932 1223 1012 1288 haee
1033 1244 1100 1288 non
1124 1247 1207 1292 esse
1233 1229 1290 1295 in-

255 1319 354 1382 uenta
377 1337 416 1379 ax
436 1318 553 1379 natura
572 1313 628 1379 sed
647 1313 814 1378 hominum
834 1318 1016 1378 commenta
1033 1312 1288 1397 significationi
1321 1339 1337 1379 e

202 1407 242 1474 19
255 1404 473 1471 distinotionis
506 1401 722 1468 accommoda.
772 1402 857 1488 quod
886 1424 962 1468 uero
990 1402 1150 1488 fulgorem
1182 1403 1287 1474 louis

252 1495 418 1560 humano
442 1492 573 1578 generi
597 1512 821 1577 prosperum
845 1495 881 1556 et
899 1492 1123 1573 salutarem,
1151 1501 1287 1562 eontra

252 1582 368 1647 Martis
391 1579 557 1645 rutilum
582 1585 620 1644 et
642 1578 860 1644 terribilem
880 1580 997 1644 terris
1020 1579 1162 1662 uocauit,
1191 1584 1282 1649 alte·

252 1690 324 1734 rum
352 1671 496 1734 tractum
524 1672 575 1732 est
603 1689 641 1732 ex
670 1667 837 1733 stellamm
861 1667 968 1732 eolore
992 1703 1033 1714 -
1056 1689 1134 1732 nam
1159 1668 1281 1755 fulget

253 1757 355 1839 Iouia,
386 1755 500 1821 mtilat
527 1754 643 1821 Martis
673 1792 712 1804 -
742 1756 881 1821 alterum
909 1778 947 1820 ex
974 1759 1117 1820 tractatu
1142 1777 1279 1844 eorum,
1299 1784 1330 1823 m

253 1847 308 1929 qui
336 1845 375 1911 da
402 1844 455 1909 his
485 1844 590 1909 stellis
614 1844 654 1909 ad
678 1843 846 1909 hominum
871 1844 972 1909 uitam
996 1866 1126 1909 manere
1148 1846 1279 1915 uolunt

254 1933 391 1999 aduersa
413 1931 466 1998 uel
487 1954 651 2017 prospera,
674 1955 749 1998 nam
768 1933 956 2019 plerumque
976 1933 1013 1999 de
1031 1932 1147 1998 Martis
1165 1936 1276 2002 atella

203 2023 247 2089 20
257 2023 422 2107 terribilia,
441 2021 481 2088 de
498 2019 588 2088 Iouis
607 2023 765 2089 salutaria
784 2023 911 2089 euenire
931 2023 1094 2088 deliniunt.
1131 2043 1274 2092 eausam

259 2112 361 2197 siquis
384 2112 469 2177 forte
493 2111 592 2176 altius
616 2116 764 2195 quaerat,
793 2113 876 2177 uude
900 2112 1018 2178 diuinis
1042 2110 1275 2181 maliuoleutia

241 2207 289 2268 -ut
316 2201 414 2268 stella
442 2200 588 2267 malefica
612 2223 683 2267 esse
705 2202 833 2268 dicatur
858 2238 896 2249 -
922 2203 1006 2268 sieut
1029 2200 1067 2266 de
1090 2200 1210 2269 Martis
1237 2211 1273 2271 et
1292 2227 1322 2270 rs

253 2288 385 2356 Saturni
414 2290 518 2356 stellis
546 2291 751 2357 existimatur
782 2328 819 2338 —
850 2296 907 2356 aut
932 2314 987 2356 aur
1009 2290 1186 2356 notabilior
1215 2294 1272 2359 be-

251 2380 396 2464 nignitas
419 2378 509 2445 Iouis
532 2384 566 2443 et
585 2377 722 2444 Veneris
744 2379 831 2446 inter
853 2379 1074 2464 genethliacos
1094 2379 1272 2468 habeatur,

252 2489 324 2543 euni
353 2471 398 2533 sit
426 2467 610 2532 diuinorum
633 2490 700 2533 una
722 2473 853 2551 natura,
878 2470 913 2532 in
936 2467 1077 2533 medium
1101 2467 1269 2552 proferam

250 2557 410 2622 rationem
443 2554 529 2639 apud
561 2579 662 2621 unum
695 2559 838 2641 omnino,
871 2557 956 2640 quod
989 2556 1104 2640 seiam,
1136 2557 1268 2624 laetam.

251 2666 328 2709 nam
352 2646 562 2711 Ptolomaeus
591 2646 625 2709 in
653 2646 745 2710 libris
775 2645 893 2726 tribus,
922 2666 1002 2729 quos
1029 2644 1068 2708 de
1091 2644 1315 2712 harmoniam

252 2736 433 2818 conposuit,
457 2733 610 2818 patefecit
634 2757 776 2817 eausam,
799 2757 897 2818 quam
921 2735 1062 2798 breuiter
1086 2734 1266 2817 explicabo,

198 2824 239 2889 21
252 2824 340 2908 uerti,
364 2824 477 2908 iuquit,
501 2831 577 2887 suut
600 2825 735 2908 numeri,
759 2847 816 2910 per
837 2845 917 2908 quos
937 2826 1019 2887 inter
1038 2825 1155 2906 omnia,
1180 2847 1266 2908 quae

252 2914 315 2976 sibi
339 2914 569 2979 conuenienter
592 2915 770 2996 iunguntur
795 2921 828 2978 et
850 2919 1017 2997 aptantur,
1049 2914 1085 2976 fit
1106 2914 1264 2997 iugabilis

252 3004 470 3085 conpetenlia,
498 3025 556 3066 nec
583 3003 757 3087 quidquam
784 3007 892 3086 potest
915 3004 1009 3067 alteri
1035 3004 1096 3066 uisi
1121 3025 1178 3086 per
1202 3003 1264 3068 hos

251 3111 400 3154 numeros
429 3093 607 3154 conuenire.
657 3098 731 3154 suut
759 3097 866 3155 autern
895 3093 928 3154 hi
958 3091 1107 3173 epitritus
1137 3091 1261 3154 hemio—
1280 3114 1307 3151 aa

199 3179 241 3241 22
252 3177 314 3239 lius
339 3179 504 3260 epogdous
528 3179 671 3261 duplaris
691 3180 836 3262 triplaris
857 3179 1061 3261 quadruplus.
1098 3199 1178 3260 quae
1198 3179 1261 3242 hoo

253 3266 322 3328 loco
351 3268 480 3329 interim
509 3266 602 3349 quasi
629 3268 762 3330 uomina
785 3289 990 3330 numerorum
1015 3265 1151 3347 accipias
1174 3266 1261 3348 uolo,

251 3354 283 3415 in
308 3357 517 3439 sequentibus
538 3377 622 3436 uero,
646 3378 717 3419 aum
738 3357 775 3419 de
795 3356 964 3419 harmonia
982 3355 1061 3419 caeli
1082 3355 1260 3437 loquemur,

252 3442 328 3525 quid
348 3446 414 3507 siut
429 3444 460 3508 lii
476 3443 601 3507 numeri
616 3444 732 3528 quidue
751 3446 887 3529 possint,
906 3444 1118 3528 opportunius
1138 3445 1258 3526 apeme-

252 3554 336 3595 mus:
364 3534 460 3596 modo
484 3533 545 3596 hoe
568 3555 663 3597 nosse
687 3534 827 3598 sul'lieiut
851 3535 927 3616 quia
951 3535 1020 3596 siue
1041 3533 1090 3596 his
1116 3535 1304 3597 numeriano

201 3618 344 3684 23nulla
372 3622 551 3706 colligatio,
580 3623 671 3686 nulla
698 3628 808 3705 potest
835 3645 905 3685 esse
934 3623 1113 3685 eoncordia.
1157 3622 1260 3686 uitam

253 3729 330 3771 uero
354 3716 498 3774 nostram
524 3711 694 3795 praecipue
718 3711 766 3773 sol
787 3717 820 3775 et
838 3711 915 3773 luna
933 3712 1149 3774 moderantur.
1186 3734 1260 3774 uam

252 3818 324 3860 euim
351 3800 417 3862 siut
440 3800 633 3864 caducorum
656 3822 825 3884 corporum
846 3800 924 3863 haee
944 3801 1006 3864 duo
1026 3798 1166 3884 propria,
1189 3822 1260 3864 seu-

252 3887 312 3948 tire
341 3889 393 3951 uel
419 3911 561 3953 creseere
585 3890 793 3972 αἰσθητικόν,
821 3890 852 3953 id
878 3895 927 3953 est
950 3889 1110 3954 sentiendi
1134 3893 1261 3974 natura,

251 3973 290 4036 de
319 3976 400 4057 sole,
429 3981 571 4059 φυτικόν
600 3983 721 4058 autem,
749 3978 781 4041 id
806 3983 855 4041 est
879 3979 1041 4042 crescendi
1065 3985 1194 4060 aratura,
1222 3979 1260 4041 de
1275 3997 1304 4037 aa

252 4059 359 4126 lunari
387 4065 427 4127 ad
456 4087 515 4129 nos
544 4067 743 4148 globositate
771 4068 972 4149 perueniunt.
1019 4068 1064 4130 sie
1093 4068 1261 4149 utriusque

253 4148 385 4215 luminis
405 4152 561 4217 beneficio
582 4154 661 4217 haee
680 4155 775 4217 nobis
794 4159 924 4218 eoristat
941 4155 1018 4238 uita,
1038 4178 1102 4238 qua
1116 4154 1261 4217 fruimur.
