3322 5190
691 844 731 901 vl
749 848 854 903 88-41
1210 844 1276 911 503

262 1008 433 1096 longitudo
470 1008 611 1076 latitudo
645 1008 867 1095 profunditas:
899 1008 1030 1076 termini
1061 1008 1274 1078 adnumerato

262 1099 375 1164 effectu
403 1098 519 1164 ultimo
546 1101 715 1183 quattuor,
742 1101 897 1185 punctum
921 1099 1009 1164 linea
1032 1099 1218 1183 superficies
1242 1103 1276 1165 et
1351 1108 1352 1112 ’

262 1186 333 1270 ipsa
356 1185 514 1252 soliditas.
560 1187 638 1252 item
667 1209 741 1252 cum
771 1190 924 1272 quattuor
952 1187 1019 1251 sint
1047 1188 1209 1252 elementa
1236 1209 1274 1253 ex

262 1274 379 1357 quibus
415 1277 567 1338 constant
604 1297 753 1359 corpora:
792 1279 879 1339 terra
912 1295 996 1358 aqua
1028 1296 1083 1339 aer
1115 1276 1149 1338 et
1178 1274 1275 1359 ignis,

235 1361 366 1426 utribus
385 1361 454 1426 sine
473 1362 571 1426 dubio
586 1361 770 1426 interstitiis
785 1363 985 1446 separantur.
1022 1382 1159 1447 quornm
1173 1383 1273 1426 unum

263 1452 312 1513 cst
335 1472 355 1513 a
378 1452 464 1514 terra
486 1471 588 1533 usque
612 1449 651 1514 ad
672 1471 799 1535 aquam,
822 1449 863 1515 ab
883 1470 968 1533 aqua
986 1470 1087 1534 usque
1106 1448 1146 1514 sd
1165 1470 1273 1514 aerem

261 1557 409 1622 sequens,
432 1537 563 1602 tertium
587 1537 628 1602 ab
652 1559 725 1601 aere
748 1558 849 1621 nsque
872 1535 913 1601 ad
935 1536 1055 1622 ignem.
1093 1538 1127 1601 st
1148 1557 1168 1600 a
1187 1539 1273 1602 terra
1283 1538 1325 1605 37

261 1623 390 1708 quidem
432 1646 533 1710 usquc
575 1624 614 1689 ad
653 1647 771 1710 aquam
809 1624 953 1709 spatium
989 1623 1217 1690 Necessitas
1254 1646 1274 1689 a

261 1712 404 1796 physicis
424 1712 551 1796 dicitur,
569 1713 645 1798 quia
663 1711 786 1777 uincire
805 1714 839 1777 ct
857 1711 998 1778 solidare
1017 1711 1166 1795 creditur,
1187 1713 1272 1796 quod

222 1821 248 1862 ro
262 1804 312 1866 est
334 1802 368 1865 in
392 1801 582 1885 corporibus
606 1802 814 1886 lutulentum,
839 1801 924 1866 unde
947 1800 1140 1867 Homericus
1158 1822 1273 1868 censor

260 1911 332 1955 curn
346 1890 478 1955 Graecis
493 1891 713 1974 inprecaratur
727 1912 795 1956 uos
810 1911 941 1955 omnes
957 1889 1063 1977 inquit
1076 1889 1113 1954 in
1128 1892 1272 1956 terram

260 1980 297 2042 et
324 1993 460 2064 aquam
488 1979 759 2063 resoluamini,
785 1977 821 2043 in
848 1978 881 2042 id
904 1978 1028 2062 dicens,
1056 1977 1141 2063 quod
1166 1981 1274 2045 estin

258 2069 377 2132 natura
399 2067 543 2133 humana
566 2067 743 2150 turbidum,
766 2089 833 2153 qno
848 2068 937 2132 facta
955 2069 1005 2133 est
1023 2066 1149 2132 bomini
1167 2068 1274 2151 prima

259 2150 431 2221 concretio.
475 2156 555 2221 illud
580 2178 658 2222 uero
683 2155 768 2241 quod
793 2158 843 2220 est
866 2155 950 2220 inter
973 2177 1091 2241 aquam
1114 2157 1149 2220 et
1166 2157 1327 2224 aerem38

220 2242 472 2309 nHarmonis
503 2244 635 2326 dicitnr,
667 2242 700 2308 id
733 2246 784 2309 est
816 2246 894 2328 apta
926 2245 959 2307 et
988 2264 1171 2309 consonans
1199 2265 1273 2309 con·

261 2331 437 2415 luculentia,
468 2332 544 2417 quia
575 2333 637 2398 lroc
667 2333 810 2415 spatium
838 2335 901 2417 est,
935 2331 1021 2417 qnod
1051 2331 1272 2418 superioribus

259 2419 413 2486 inferiora
444 2420 597 2487 conciliat
631 2419 770 2487 etfacit
796 2419 929 2486 dissona
956 2421 1136 2486 conuenire.
1186 2420 1326 2488 inter39

260 2531 368 2574 aerem
392 2530 469 2575 uero
491 2514 525 2574 et
542 2509 651 2597 ignem
671 2508 929 2576 Oboedientia
948 2508 1074 2594 dicitur,
1093 2510 1170 2595 quia
1188 2510 1274 2576 sicut

259 2595 423 2662 lutulenta
447 2602 480 2662 et
502 2599 616 2683 grauia
634 2598 854 2683 superioribus
872 2598 1065 2664 necessitate
1084 2598 1273 2683 iunguntur,

220 2684 309 2749 scita
340 2686 508 2769 superiora
540 2685 710 2750 lutulentis
743 2685 950 2751 oboedientia
978 2688 1172 2770 copulantur
1199 2686 1273 2751 har·

260 2772 371 2837 monia
394 2773 501 2838 media
523 2773 781 2839 coniunctionem
805 2774 975 2857 utriusque
996 2776 1191 2858 praestante.
1234 2775 1327 2840 0de

260 2863 417 2943 quattuor
443 2860 545 2943 igitur
573 2861 740 2926 elementis
766 2863 800 2925 et
822 2860 928 2924 tribus
951 2882 1063 2926 eorum
1087 2860 1272 2926 interstitiis

260 2946 499 3012 absolutionem
518 2969 688 3032 corporum
708 2949 857 3014 constare
877 2947 1086 3014 manifestum
1101 2951 1159 3014 est
1194 2969 1272 3051 ergo

259 3035 293 3099 hi
317 3035 383 3113 duo,
404 3036 544 3120 numeri,
571 3037 637 3101 tria
660 3037 731 3104 dico
755 3039 980 3123 etquattuor,
1007 3039 1075 3102 tarn
1099 3035 1272 3121 multiplrci

220 3147 246 3188 rs
260 3128 344 3189 inter
362 3146 397 3189 se
417 3124 621 3228 cognationis
640 3125 833 3191 necessitate
853 3125 968 3192 sociati
987 3124 1163 3192 efficiendis
1178 3126 1273 3190 utris·

259 3234 320 3296 que
344 3214 535 3297 corporibus
559 3235 720 3279 consensu
743 3213 885 3278 ministri
908 3213 1048 3279 foederis
1068 3214 1272 3279 obsecuntur.

259 3321 319 3364 nec
342 3301 448 3365 solum
472 3301 671 3383 explicandis
695 3300 884 3385 corporibus
908 3302 941 3365 hi
966 3301 1029 3367 duo
1051 3301 1177 3366 numeri
1200 3302 1324 3368 con-41

260 3387 397 3452 latinum
421 3392 591 3472 praestant
614 3388 770 3474 fauorem,
796 3387 851 3454 sed
876 3387 1119 3472 quaternarium
1143 3388 1273 3473 quidem

331 3655 347 3704 2
367 3653 431 3705 cate
447 3649 583 3718 punctum
602 3648 666 3704 cdd.
687 3648 751 3704 funt
767 3648 796 3704 Β
871 3655 888 3705 2
907 3649 963 3705 atas
977 3650 1009 3705 in
1026 3646 1155 3705 iobdrtss
1169 3648 1201 3704 in
1218 3663 1274 3706 ros.

260 3721 291 3775 in
308 3720 336 3774 Β
391 3734 455 3773 cum
473 3735 524 3775 om.
543 3716 578 3774 Β
634 3719 779 3777 econfra
796 3718 832 3774 P'
889 3719 1010 3776 cased
1024 3718 1053 3774 Β
1107 3723 1141 3775 1⁰
1154 3717 1274 3776 homen-

261 3808 323 3845 cunr
347 3791 485 3858 sciscitor
508 3787 544 3844 Β
630 3791 688 3847 scil.
714 3791 860 3847 Menelaus
877 3791 915 3846 Il.
940 3790 1275 3857 succenseretur

261 3861 626 3931 (birss.1tbcn.188,325)
682 3867 714 3916 18
733 3861 809 3930 quod
828 3861 906 3918 lacta
918 3861 973 3917 PB
1029 3865 1061 3914 15
1076 3875 1204 3915 armonia
1219 3859 1274 3916 ΡΒ

262 3937 295 3986 16
314 3931 390 4002 quod
409 3949 459 3988 orn.
479 3933 507 3986 Β
576 3936 608 3988 18
628 3931 790 4006 obedientia
810 3932 845 4002 Ρ,
864 3931 1071 3989 obedientiali
1136 3936 1171 3984 2ο
1189 3930 1273 3988 oboa-

261 4003 369 4058 drentra
389 4002 658 4060 P:obed1ent1aB
751 4019 880 4060 armonia
899 4004 955 4059 ΡΒ
1054 4006 1086 4057 21
1108 4001 1228 4071 utrisque
1248 4001 1277 4057 P

262 4080 295 4128 22
314 4079 339 4131 ct
358 4079 393 4129 24
412 4077 533 4146 quatuor
551 4074 581 4130 P
652 4077 805 4131 caenare
824 4075 853 4131 Β
923 4081 958 4131 26
977 4073 1083 4150 sedens
1096 4073 1124 4127 Β
1196 4071 1308 4134 obla-¹

262 4147 431 4271 qumflrpp
471 4151 527 4271 Β27
547 4147 722 4218 explrcandri
736 4178 770 4190 -
789 4152 824 4204 28
842 4147 1053 4217 quaternarrum
1071 4145 1103 4201 in
1120 4160 1176 4201 sss.
1195 4146 1226 4201 in
1244 4144 1273 4198 Β

263 4222 452 4273 mnam
