3322 5190
327 753 393 813 462
559 751 673 803 court.
692 747 728 801 ΙΝ
750 746 859 804 nond.
878 749 963 803 ncll'.
982 749 1109 802 hillllll

277 912 318 977 12
329 907 592 995 philosophantis
623 909 777 974 admittit
822 931 896 974 curn
919 909 1022 994 igitur
1043 909 1168 975 nullam
1197 909 1341 995 disputa·

329 998 412 1064 tioni
449 998 556 1083 pariat
593 997 742 1061 iniuriam
780 997 832 1062 uel
865 996 912 1061 Er
948 997 1044 1062 index
1083 997 1136 1062 uel
1174 998 1341 1063 somnians

330 1085 515 1168 Africanus,
539 1085 593 1151 sed
617 1108 725 1151 rerum
749 1107 914 1151 sacrarum
943 1086 1111 1152 enuntiato
1139 1087 1269 1172 integra
1293 1087 1344 1151 sui

330 1175 491 1260 dignitate
520 1174 572 1240 hie
604 1175 649 1239 sit
675 1178 761 1241 tecta
788 1176 988 1259 nominibus,
1011 1180 1181 1241 accusator
1211 1175 1342 1241 tandem

332 1264 464 1330 edoctus
505 1287 525 1330 a
566 1263 685 1329 fabulis
731 1263 881 1330 fabulosa
918 1285 1083 1329 secernere
1124 1264 1380 1350 conquiescatt

279 1352 495 1419 ltlsciendum
529 1356 579 1417 est
612 1358 734 1437 tamen,
767 1375 832 1418 non
865 1355 899 1416 in
932 1375 1059 1418 omnem
1090 1352 1343 1438 disputationem

335 1441 547 1526 philosophos
568 1439 738 1505 admittere
761 1440 911 1506 fabulosa
935 1441 986 1506 uel
1010 1441 1107 1506 licita
1149 1442 1205 1506 sed
1225 1441 1277 1505 lris
1295 1441 1344 1506 uti

331 1530 451 1612 solent,
483 1550 556 1593 cum
589 1527 641 1590 uel
673 1528 712 1591 de
740 1530 850 1593 anima
877 1529 928 1592 uel
956 1529 995 1591 de
1023 1529 1121 1592 aeriis
1151 1529 1344 1593 aetheriisue

281 1616 552 1699 14poteatatibua
571 1616 622 1678 nel
641 1616 679 1678 da
702 1616 816 1680 ceteris
840 1616 890 1679 dis
915 1616 1072 1681 locuntur.
1108 1621 1251 1680 ceterum
1271 1637 1343 1680 cnm

335 1704 375 1769 od
404 1725 564 1768 summum
593 1708 626 1766 et
652 1703 830 1786 principem
860 1703 1005 1768 onmium
1034 1702 1142 1785 deum,
1173 1704 1228 1787 qui
1258 1703 1343 1787 apud
1360 1719 1384 1757 ¹⁰

339 1790 480 1855 Graecos
494 1789 653 1872 τάγαθόν,
672 1790 726 1872 qui
745 1801 878 1874 πρῶτον
896 1796 1005 1855 αἴτιον
1023 1794 1237 1873 nuncupatur,
1261 1797 1345 1855 trac-

338 1881 425 1942 tatus
449 1899 483 1941 se
507 1876 604 1941 audet
622 1876 781 1959 attollere,
803 1876 855 1941 uel
879 1878 917 1940 ed
942 1881 1092 1960 mentem,
1114 1900 1208 1961 quem
1230 1876 1345 1942 Graeci

336 1964 630 2048 vodv'appellent,
658 1965 832 2048 originales
856 1986 962 2029 rarum
986 1965 1123 2050 species,
1151 1987 1232 2050 quae
1259 1963 1345 2030 ἰδέαι

338 2055 442 2119 dictae
457 2057 541 2137 sunt,
560 2053 787 2139 continentem,
802 2075 839 2117 ex
854 2076 979 2119 summo
994 2058 1103 2120 uatum
1119 2059 1152 2119 et
1165 2054 1343 2140 prolectam

337 2143 409 2208 deo:
437 2165 509 2207 curn
544 2142 583 2206 de
615 2142 680 2226 hie,
711 2143 857 2228 inquam,
889 2144 1037 2208 locuntur
1066 2166 1192 2209 summo
1220 2146 1280 2209 deo
1312 2150 1384 2209 et¹⁵

337 2235 458 2315 mente,
484 2231 565 2295 nihil
589 2229 772 2296 fabulosum
797 2233 926 2316 penitus
954 2233 1133 2317 attingunt,
1160 2232 1215 2297 sed
1240 2233 1345 2316 siquid

338 2320 376 2384 de
394 2319 445 2384 his
462 2319 634 2404 adsignare
649 2323 813 2399 conentur,
833 2341 915 2403 quac
933 2342 998 2384 non
1016 2342 1198 2386 sermonem
1217 2327 1345 2386 tanturn

339 2408 433 2472 modo
454 2407 509 2471 sed
529 2408 761 2492 cogitationem
781 2429 907 2493 quoque
924 2408 1103 2473 humanam
1121 2412 1286 2494 superant,
1306 2409 1345 2475 ad

287 2495 568 2565 lbeimilitudines
597 2502 630 2563 et
653 2496 800 2583 exempla
823 2497 1020 2583 confugiunt
1066 2498 1113 2564 sic
1136 2497 1244 2580 Plato,
1272 2521 1345 2565 eum

338 2588 378 2651 de
400 2585 536 2674 τάγαθῷ
560 2586 649 2672 loqui
672 2590 758 2652 esset
780 2588 957 2672 animatus,
984 2586 1088 2653 dicere
1115 2588 1192 2675 quid
1215 2587 1259 2653 sit
1281 2610 1346 2654 non
1360 2600 1387 2641 ²⁰

339 2698 435 2741 ausus
467 2688 530 2758 eet,
557 2675 618 2740 hoc
642 2675 744 2741 solum
770 2676 809 2741 de
836 2699 874 2741 eo
898 2678 1017 2760 aciens,
1045 2678 1130 2761 qnod
1155 2677 1227 2742 sciri
1253 2678 1348 2761 quale

339 2766 382 2829 sit
407 2765 446 2829 ab
472 2764 602 2829 homine
626 2787 691 2829 uon
714 2766 830 2848 possit,
858 2767 960 2830 solum
990 2789 1066 2830 uero
1091 2768 1119 2831 ei
1148 2767 1347 2831 simillimum

340 2855 378 2917 de
398 2854 580 2918 uisibilibns
600 2855 701 2918 solem
721 2856 871 2938 repperit,
891 2859 922 2918 et
941 2877 999 2938 per
1018 2858 1085 2920 eius
1105 2856 1347 2920 similitudinem

342 2942 428 3006 uianr
449 2943 588 3005 sermoni
604 2966 661 3007 suo
683 2943 854 3006 attollendi
874 2966 907 3006 se
923 2944 963 3007 ad
978 2967 1043 3007 non
1062 2944 1348 3027 conprehendenda

290 3032 330 3094 1ss
341 3029 502 3111 patefecit.
536 3031 607 3093 idco
631 3036 663 3093 et
682 3032 805 3093 nullum
824 3032 852 3093 ei
872 3033 1090 3113 simulacrum,
1114 3055 1186 3095 curu
1207 3032 1255 3095 dis
1275 3032 1347 3095 aliis
1362 3043 1387 3082 ²⁵

340 3117 627 3200 constituerentur,
655 3118 748 3181 finxit
778 3119 971 3201 antiquitas,
1000 3121 1074 3202 quia
1102 3142 1244 3183 summus
1271 3119 1348 3183 deus

340 3208 480 3289 nataque
517 3227 554 3269 ex
582 3227 620 3269 eo
649 3228 739 3270 mene
771 3207 855 3271 sicut
887 3208 974 3271 ultra
1006 3206 1145 3271 animam
1173 3207 1220 3271 ita
1252 3229 1349 3289 supra

341 3297 489 3357 naturam
514 3297 604 3372 sunt,
628 3316 690 3377 quo
714 3294 795 3358 nihil
823 3296 872 3359 fae
897 3302 947 3359 est
969 3295 1007 3359 de
1031 3294 1148 3359 fabulis
1173 3295 1349 3378 peruenire.
1391 3306 1392 3310 ’

416 3492 427 3537 1
448 3485 681 3553 phylosophuntrl
696 3487 723 3537 Β
778 3486 855 3539 nulla
875 3486 1056 3551 drlputalroil
1071 3488 1098 3539 Β
1152 3488 1276 3554 211at1nt
1290 3489 1351 3552 (ord

343 3557 449 3623 pateat)
470 3552 505 3607 Β
588 3558 901 3610 duducouentoradd
924 3557 1107 3610 scolares)
1189 3556 1350 3617 clutton,

343 3644 386 3676 ·r·
405 3625 485 3678 licita
503 3627 565 3708 add.
586 3627 601 3679 b
687 3631 702 3676 9
723 3625 778 3678 dul
793 3627 820 3679 P
908 3631 942 3678 dc
961 3625 1068 3679 cunctis
1084 3575 1140 3678 dul
1155 3627 1305 3693 loquuntur
1324 3626 1350 3678 B

346 3752 378 3799 10
397 3750 467 3816 aput
486 3750 513 3802 Β
587 3755 616 3800 11
638 3698 1226 3816 raincoursesesspuuomauron
1247 3766 1349 3803 auricu-

344 3822 427 3887 putur
446 3819 479 3885 P,
499 3819 605 3886 primus
624 3822 635 3870 1
655 3818 785 3887 princepe
805 3826 910 3872 omium
930 3821 992 3873 odd.
1010 3838 1031 3888 p
1086 3840 1131 3887 qm
1150 3837 1200 3873 orer.
1220 3821 1246 3871 Β
1297 3838 1350 3890 pro

344 3890 629 3943 oirrovcstlllinB
693 3892 821 3943 13ΝΟΙΝ
846 3892 871 3942 P
934 3891 1060 3944 ΙΛΕΛΙΒ
1126 3897 1155 3943 ld
1176 3890 1305 3958 utrugunt
1323 3891 1350 3942 Β

344 3960 478 4086 quiqul
494 3960 521 4013 B
587 3968 618 4015 17
639 3961 801 4032 adsignare]
821 3963 912 4015 facere
932 3962 958 4014 Β
1024 3969 1054 4015 19
1074 3962 1151 4031 plato
1171 3967 1202 4013 cr'r
1223 3978 1285 4015 rura
1304 3967 1351 4022 00

344 4034 415 4157 120qu
440 4036 528 4157 sPtBll
547 4034 683 4087 ΤΛΤΛΘΟ
702 4032 730 4086 P
785 4040 819 4087 22
838 4032 930 4102 potelt
951 4032 987 4085 P'
1043 4039 1076 4086 24
1096 4032 1305 4101 eoplrendenlda
1324 4033 1351 4086 Β

418 4121 437 4157 u
