3322 5190
618 833 658 889 111
676 838 747 892 t-9
773 833 826 891 1111
845 840 914 891 1-a
1210 833 1277 899 375

306 994 409 1079 ὤμοις
430 992 617 1062 ἀΐσσονται·
639 996 658 1062 ὁ
683 990 713 1061 δ’
736 994 897 1082 ἀγλαίῃφι
918 995 1089 1073 πεποιθώς

306 1081 413 1168 ῥίμφα
431 1081 449 1149 ἑ
465 1094 571 1169 γοῦνα
590 1082 685 1170 φέρει
703 1084 784 1169 μετά
802 1081 830 1149 τ’
849 1086 935 1168 ἤθεα
953 1082 1009 1149 καὶ
1026 1085 1133 1168 νομὸν
1151 1083 1272 1149 ἵππων.

259 1204 386 1272 Ennius
408 1206 485 1275 hinc
507 1210 608 1274 traxit
1283 1208 1304 1275 8

303 1315 337 1378 et
359 1315 428 1379 tum
451 1314 537 1381 sicut
559 1336 659 1400 equus
683 1314 737 1400 qui
762 1314 801 1379 de
824 1314 1034 1400 praesepibus
1058 1312 1164 1380 fartus

231 1426 245 1467 s
304 1401 413 1467 uincta
434 1403 501 1470 suis
525 1405 653 1490 magnis
677 1403 794 1468 animia
818 1403 950 1489 abrupit
972 1406 1005 1468 et
1027 1402 1101 1468 inde

302 1490 366 1555 fert
388 1512 460 1557 sese
482 1492 588 1576 campi
613 1515 671 1578 per
694 1491 823 1558 caerula
847 1491 997 1577 laetaque
1019 1493 1115 1576 prata

302 1578 389 1646 celso
411 1583 557 1665 pectore,
580 1602 676 1666 saepe
699 1581 809 1646 iubam
833 1583 967 1665 quassat
991 1580 1088 1644 simul
1112 1579 1214 1644 altam
1289 1609 1292 1616 ·

301 1667 435 1751 spiritus
459 1690 497 1734 ex
520 1668 630 1734 anima
652 1668 758 1735 calida
781 1690 913 1753 spumas
938 1668 1010 1755 agit
1034 1668 1137 1733 aibas.

258 1789 423 1877 Vergilius

217 1923 243 1964 aa
300 1897 406 1983 qualis
428 1897 486 1964 ubi
509 1899 656 1984 abruptis
680 1899 767 1985 fugit
788 1898 961 1983 praesepia
982 1897 1099 1963 uinctis

255 2006 288 2069 et
314 2007 430 2071 cetera.
480 2026 575 2071 nemo
604 2026 643 2070 ex
671 2006 734 2071 hoc
760 2005 843 2070 uiles
872 2006 964 2089 putet
992 2007 1118 2071 ueteres
1146 2004 1300 2090 poetas,9

254 2092 339 2177 quod
368 2116 480 2160 uersus
510 2117 620 2160 eorum
645 2095 752 2160 scabri
775 2094 873 2159 nobis
896 2092 1057 2159 uidentur.
1102 2093 1161 2159 itte
1184 2094 1270 2160 enim

254 2182 349 2247 stitus
376 2182 518 2249 Enniani
546 2183 665 2250 saeculi
694 2183 829 2249 auribus
856 2182 945 2248 solua
973 2182 1126 2265 placebat
1153 2186 1187 2248 et
1215 2182 1271 2249 (liu

255 2269 418 2337 laborauit
450 2275 540 2339 aetas
573 2275 696 2356 secuta,
729 2275 766 2337 ut
798 2271 904 2357 magis
936 2271 1012 2336 huic
1044 2271 1183 2337 molliori
1212 2271 1269 2338 iilo

216 2386 242 2426 aa
256 2359 525 2446 adquiesceretur.
580 2363 636 2428 sed
673 2361 809 2427 ulterius
845 2382 911 2426 non
944 2382 1055 2426 moror
1087 2359 1271 2446 Caecinam,

254 2450 331 2535 quin
355 2445 479 2536 etipse
502 2451 627 2537 prodat,
650 2473 733 2537 quae
756 2450 906 2517 meminit
929 2449 1099 2517 Maronem
1123 2472 1161 2516 cx
1185 2451 1268 2517 anti·

254 2540 378 2626 quitate
402 2539 627 2608 transtulisse!

341 2628 425 2696 Tum
448 2628 588 2696 Caecina
611 2630 657 2694 ‘in
678 2629 827 2695 uersibus
850 2628 903 2692 uel
927 2628 962 2692 ia
985 2628 1066 2693 locis
1090 2626 1320 2712 quantumllII

255 2717 317 2783 sibi
334 2717 428 2783 Maro
450 2740 488 2783 ex
507 2718 702 2805 antiquitate
722 2716 928 2802 quaesiuerit,
953 2715 1068 2780 Furius
1087 2719 1125 2780 ut
1143 2737 1269 2782 memor

215 2829 242 2869 sc
256 2810 289 2869 et
315 2806 435 2870 ueteris
462 2808 495 2872 et
523 2828 627 2872 nouae
656 2806 823 2872 aucturum
852 2805 965 2887 copiae
993 2803 1153 2869 disseruit
1206 2824 1267 2887 ego

256 2892 399 2959 conabor
424 2895 607 2977 ostendere,
634 2894 720 2958 hune
743 2892 1015 2957 studiosissimum
1040 2895 1149 2956 uatem
1173 2891 1267 2957 etde

256 2980 395 3067 singulis
428 2982 536 3047 uerbis
569 2985 713 3047 ueterum
747 2981 914 3064 aptissime
946 2978 1122 3065 iudicasse,
1155 2982 1189 3044 et
1220 2980 1268 3043 in·

255 3070 394 3135 seruisse
413 3070 514 3135 electa
532 3070 623 3154 operi
642 3092 701 3136 suo
720 3069 830 3152 uerba,
849 3089 931 3154 quae
949 3068 1044 3133 nobis
1062 3089 1148 3133 noua
1163 3066 1267 3134 uideri

255 3157 334 3224 iacit
356 3159 478 3225 incuria
502 3160 687 3244 uetustatis,
712 3161 749 3223 ut
771 3179 844 3223 ecce
867 3155 1000 3222 addita
1023 3178 1081 3241 pro
1104 3157 1296 3223 inimica2

255 3249 288 3311 et
317 3247 463 3313 infesta
495 3249 569 3333 quis
601 3270 667 3313 non
701 3247 852 3312 aestimet
883 3248 1013 3330 poetam
1043 3244 1178 3311 arbitrio
1207 3267 1267 3311 suc

215 3356 375 3407 sanonum
402 3336 538 3401 uerbum
567 3336 629 3402 sibi
658 3335 802 3401 uoluisse
830 3333 1005 3400 fabricari?
1051 3333 1107 3399 sed
1131 3334 1269 3400 nonita

255 3426 313 3489 est.
357 3447 433 3491 aiam
456 3425 542 3511 quod
566 3426 614 3490 ait

467 3572 527 3616 nec
549 3547 684 3615 Teucris
708 3546 816 3613 addita
839 3546 921 3613 Iuno

300 3659 434 3723 usquam
460 3638 566 3704 aberit

253 3926 294 3983 VI
312 3861 347 3984 ⁹4⁰
362 3861 414 3913 bob
432 3855 514 3912 Vabl.
534 3858 588 3910 458
607 3854 672 3910 leuc.
691 3852 787 3910 Muell.
844 3859 877 3910 10
896 3855 964 3910 Aen.
984 3852 1022 3908 XI
1041 3859 1093 3910 492
1148 3859 1181 3909 Π
1197 3852 1267 3911 Aen.

254 4049 468 4059 ..η-η...-

327 4142 339 4189 1
360 4132 539 4189 ΠΕΠΟΙΕω(
551 4161 556 4175 -
568 4134 690 4187 ΡΥΜΦΔ
705 4131 841 4187 ΕΤΟΥΝΛ
858 4131 886 4187 Ρ
928 4137 945 4185 t
960 4133 986 4185 τ’
1000 4146 1049 4187 aaa.
1067 4129 1095 4185 P
1139 4137 1154 4187 5
1170 4130 1272 4187 animas

253 4220 304 4262 cas.
323 4204 352 4260 P
405 4208 436 4260 11
457 4220 491 4260 ex
509 4219 560 4261 em.
582 4198 619 4257 P‘
678 4208 709 4258 lt
729 4219 803 4273 annu
826 4202 854 4257 P
908 4206 940 4256 14
960 4201 1077 4272 sequuta
1097 4200 1125 4256 P
