3442 5190
652 779 702 834 XV
723 784 811 834 9-18
1175 779 1242 847 467

230 937 332 1005 satius
359 937 459 1006 fuisse
486 939 756 1025 philosophorum
784 940 929 1007 omnium
956 940 1098 1026 principi
1126 940 1242 1008 alienis

231 1026 394 1093 abstinere
416 1050 514 1113 quam
537 1028 644 1094 minus
666 1034 745 1095 nota
767 1026 932 1114 proferre?

320 1115 370 1181 hd
393 1116 473 1183 haec
490 1117 684 1184 Eustathius
705 1118 804 1203 paulo
823 1117 1017 1184 commotior
1035 1117 1116 1184 ‘non
1135 1119 1242 1185 minus
1255 1120 1296 1185 14

230 1204 280 1271 te'
307 1207 413 1290 inquit
440 1205 566 1272 ‘Disari
597 1207 802 1292 philosophis
835 1229 933 1292 quam
961 1208 1095 1273 medicis
1123 1208 1241 1274 insere-

205 1295 316 1379 sbam,
349 1294 406 1360 scd
438 1296 534 1362 modo
566 1295 687 1361 uideris
721 1295 802 1360 mihi
829 1318 897 1361 rem
925 1317 1085 1362 consensu
1112 1300 1241 1382 generis

231 1382 364 1448 humani
387 1383 591 1451 decantatam
615 1388 650 1450 et
672 1384 827 1450 creditam
853 1384 1010 1451 obliuioni
1029 1385 1115 1469 dare,
1137 1386 1240 1470 philo·

232 1471 379 1556 sophiam
413 1477 516 1539 artem
549 1495 619 1539 esse
652 1474 770 1539 artium
804 1477 837 1539 ct
867 1473 1071 1560 disciplinam
1099 1474 1242 1561 discipli-

230 1582 360 1645 narum,
389 1566 423 1627 et
449 1584 533 1627 nunc
562 1565 594 1626 in
622 1564 727 1648 ipsam
755 1562 920 1628 inuehitur
947 1563 1132 1647 parricidali
1161 1586 1241 1629 ausu

232 1649 399 1729 medicina,
424 1670 495 1715 curn
516 1650 724 1736 philosophia
742 1652 811 1717 illic
831 1673 865 1716 se
883 1651 1045 1716 habeatur
1063 1652 1243 1737 augustior,

192 1766 218 1808 re
231 1738 287 1804 ubi
311 1739 350 1803 de
373 1739 526 1804 rationali
550 1743 651 1824 parte,
674 1739 707 1804 id
730 1745 781 1805 est
798 1740 837 1806 de
856 1740 1065 1826 incorporeis,
1088 1741 1242 1826 disputat,

231 1831 265 1893 ct
288 1827 355 1892 illic
377 1827 560 1911 inclinetur,
583 1827 640 1892 ubi
663 1829 702 1894 de
725 1829 871 1915 physica,
894 1828 979 1914 quod
998 1831 1047 1894 cst
1066 1828 1105 1894 de
1123 1830 1242 1895 diuinis

232 1916 421 2000 corporibus
454 1916 504 1980 uel
537 1916 617 1982 caeli
650 1917 703 1982 uel
735 1918 875 1982 siderum
903 1920 1033 1983 tractat.
1084 1918 1296 1985 medicina15

232 2006 341 2069 autem
374 2003 530 2089 physicae
563 2005 666 2088 partis
700 2009 843 2070 extrema
874 2006 948 2071 faex
981 2009 1044 2089 cst,
1077 2007 1128 2071 cui
1158 2007 1242 2072 ratio

232 2095 283 2157 cst
305 2113 377 2156 cum
401 2093 512 2156 testeis
531 2093 732 2177 terrenisque
751 2092 951 2176 cerporibus,
971 2095 1028 2158 sed
1048 2093 1124 2178 quid
1143 2094 1244 2160 ratio-

194 2201 308 2248 rsnem
336 2179 518 2262 nominaui,
548 2202 621 2245 curn
649 2180 754 2264 magis
782 2180 867 2266 apud
895 2180 1000 2265 ipsam
1028 2185 1143 2267 regnet
1170 2202 1244 2246 con-

233 2267 358 2333 iectura
389 2289 486 2351 quam
514 2267 622 2334 ratio?
648 2304 686 2314 -
712 2273 796 2352 qu'ae
824 2288 900 2355 ergo
929 2268 1049 2334 conicit
1082 2267 1121 2332 de
1148 2290 1244 2334 carne

234 2357 405 2439 lutulento,
429 2356 527 2421 audet
545 2357 725 2442 inequitare
743 2356 969 2444 philosophiae
988 2355 1027 2422 ds
1045 2357 1243 2442 incorporeis

235 2449 269 2511 et
285 2467 361 2511 uere
380 2446 498 2511 diuinis
517 2451 605 2512 certa
623 2446 749 2512 ratione
768 2448 931 2514 tractanti.
969 2446 1024 2512 sed
1041 2468 1081 2511 ne
1096 2447 1245 2512 uideatur

236 2536 415 2601 communis
451 2536 516 2601 ista
548 2536 693 2602 defensio
726 2541 902 2603 tractatum
936 2536 1040 2601 uitare
1072 2537 1245 2622 pulmonis,

196 2652 223 2692 no
237 2625 345 2709 accipe
365 2647 488 2708 causas,
511 2648 591 2710 quas
605 2626 775 2691 Platonica
794 2627 947 2692 maiestas
967 2628 1077 2691 secuta
1091 2629 1150 2692 est.
1175 2623 1244 2691 ἐπι·
1256 2627 1297 2692 16

235 2714 382 2796 plusve,
393 2736 488 2798 quarn
499 2736 669 2799 memoras,
683 2717 849 2781 inuentum
864 2720 999 2781 naturas
1013 2719 1064 2780 ast
1078 2714 1119 2780 ad
1134 2719 1245 2801 tegen-

237 2803 293 2866 das
322 2803 581 2889 detegendasqus
607 2809 696 2870 certa
723 2803 937 2870 alternatione
965 2804 1035 2869 uias
1064 2804 1189 2869 cibatus
1213 2807 1247 2868 et

237 2893 348 2975 potus,
380 2897 418 2955 ut
449 2891 543 2957 illum
576 2893 745 2958 stomacho
773 2893 990 2976 transmittet,
1020 2891 1107 2957 hunc
1134 2892 1245 2975 pulmo

237 2979 403 3064 suscipiat.
451 2984 624 3065 propterca
651 2985 702 3048 tet
728 2981 889 3046 meatibus
916 2979 1089 3044 distinctus
1117 2984 1181 3065 est,
1214 2986 1248 3045 et

197 3096 224 3138 ra
238 3071 415 3156 interpatet
443 3071 548 3157 rimis,
576 3094 641 3138 non
670 3075 707 3137 ut
735 3071 868 3156 spiritus
894 3069 1095 3157 egressiones
1118 3071 1248 3153 habeat,

238 3161 288 3225 cui
312 3159 477 3225 exhalatio
502 3161 631 3227 occulta
650 3162 822 3245 sufficeret,
845 3159 899 3226 scd
922 3163 960 3225 ut
979 3182 1036 3245 per
1055 3182 1119 3241 eos,
1143 3158 1247 3245 siquid

238 3249 363 3313 cibatus
379 3249 413 3313 in
429 3250 614 3332 pulmonem
630 3251 791 3330 deciderit,
805 3271 900 3314 sucus
916 3249 984 3313 eius
999 3270 1073 3314 mox
1087 3248 1207 3334 migret
1216 3249 1248 3313 in

239 3337 346 3401 sedern
375 3336 575 3422 digestionis.
622 3337 736 3402 deinde
759 3336 898 3421 ἀρτηρία
929 3337 1021 3421 siquo
1045 3357 1123 3401 casu
1148 3337 1300 3403 scissal'l

240 3424 346 3507 fuerit,
369 3431 466 3508 potus
490 3446 555 3489 non
575 3424 758 3508 deuoratur,
782 3427 836 3489 sed
856 3424 948 3508 quasi
966 3424 1044 3488 fisso
1065 3427 1172 3488 meatu
1191 3446 1249 3488 suo

200 3513 412 3579 aereiectetur
442 3513 529 3578 lorus
558 3513 713 3579 incolumi
742 3512 919 3578 stomacho.
970 3510 1055 3596 quod
1083 3533 1150 3577 non
1177 3533 1250 3576 cou-

240 3601 396 3687 tingeret,
419 3601 481 3666 nisi
505 3601 645 3686 ἀρτηρία
668 3601 723 3666 uia
746 3603 832 3666 esset
853 3599 1008 3666 humoris.
1055 3599 1112 3664 sed
1134 3602 1169 3665 et
1189 3601 1251 3666 hoc
1263 3602 1303 3666 18

240 3691 273 3753 in
297 3689 471 3772 propatulo
495 3696 558 3772 est,
586 3693 677 3773 quia,
704 3690 822 3772 quibus
851 3710 947 3774 aeger
969 3690 1020 3752 cst
1046 3687 1171 3772 pulmo,
1198 3710 1252 3754 ac-

312 3861 484 3918 tcomotror
503 3862 532 3916 P
597 3869 715 3934 spuune
735 3863 763 3916 P
830 3860 1008 3932 tangulhor
1028 3859 1066 3912 P'
1141 3864 1171 3913 11
1192 3860 1254 3929 phr-

240 3933 297 3988 hca
315 3933 343 3988 P
408 3937 440 3987 13
460 3932 565 4004 phrhce
585 3932 614 3986 P
678 3937 712 3987 11
730 3931 805 4002 qaod
820 3927 855 3985 P⁴
924 3936 957 3986 18
971 3930 1046 3985 draus
1062 3931 1090 3984 P
1156 3934 1188 3983 19
1208 3935 1251 3985 co·

241 4004 334 4060 munii
350 4004 377 4057 P
471 4008 506 4058 20
524 4003 641 4071 sequuta
658 4003 686 4057 P
780 4007 813 4056 11
833 4001 1007 4073 detegendas
1021 4000 1209 4125 detelgeatalq.
1229 4001 1256 4054 P

242 4081 276 4130 26
295 4075 417 4131 exulatro
436 4075 465 4129 P
569 4075 681 4129 occulta
699 4079 740 4130 1'1*
759 4075 827 4143 (uid.
845 4074 932 4139 faisse
950 4071 975 4140 s)
1090 4071 1186 4126 uiliccr
1229 4072 1256 4126 P

243 4147 338 4215 quuod
357 4146 385 4200 P
436 4150 470 4200 28
489 4151 514 4201 et
533 4150 566 4198 81
586 4145 690 4201 arteria
708 4146 736 4200 P

988 4231 1044 4286 80*
