3442 5190
760 786 836 842 SAT.
855 784 952 840 LIBRI
970 786 982 839 l

571 951 752 1035 πυριγενὴς
774 945 811 1014 δὲ
834 949 968 1035 δράκων

572 1038 655 1105 ὁδὸν
676 1037 802 1122 ἡγεῖται
824 1047 897 1115 ταῖς
920 1037 1162 1123 τονραμόρφοις

572 1128 691 1211 dionem
715 1129 852 1209 ζευγνὺς
875 1124 1018 1211 ἁρμονίᾳ

571 1216 718 1282 πλούτου
740 1213 955 1300 πολύκαρπον
979 1215 1093 1298 ὄχημα.

359 1339 419 1404 snb
446 1338 509 1404 heo
536 1359 614 1424 ergo
643 1338 862 1423 appellatione
890 1337 1039 1403 caelestis
1068 1335 1194 1401 itineris
1223 1334 1271 1400 sol
1301 1355 1414 1399 cume

360 1427 554 1493 confecisset
576 1449 706 1493 cursum
730 1448 833 1513 suum,
856 1426 1028 1491 draconem
1052 1424 1229 1490 confecisse
1249 1422 1376 1489 diceba·

308 1519 423 1587 sotor.
464 1515 538 1579 inde
562 1514 675 1581 fabule
699 1518 812 1579 exorta
834 1518 885 1579 est
907 1513 946 1579 de
969 1513 1129 1598 serpentis
1152 1533 1238 1577 nece.
1275 1511 1377 1596 segit-

363 1608 469 1670 terum
493 1607 602 1670 sutem
625 1602 758 1669 nomine
780 1624 846 1668 non
869 1602 932 1667 nisi
955 1601 1120 1667 radiorum
1143 1602 1249 1667 iectus
1268 1604 1378 1665 osten·

362 1693 464 1776 ditur,
486 1693 540 1775 qui
563 1696 642 1756 tunc
664 1691 847 1776 longissimi
872 1690 1121 1775 intelleguntur,
1143 1712 1206 1774 quo
1229 1692 1376 1773 tempore

360 1779 542 1844 altissimus
584 1779 632 1844 sol
674 1777 787 1844 diebus
827 1778 1029 1864 longissimis
1071 1777 1213 1843 solstitio
1251 1777 1377 1842 aestiuo
1392 1802 1418 1837 n-

363 1865 494 1931 conflcit
512 1888 657 1932 annuum
676 1887 816 1950 cursum,
834 1867 908 1930 inde
921 1863 1101 1950 Ἑκηβόλος
1119 1862 1379 1948 οῖἙκατηβόλος

364 1954 470 2019 dictus
512 1953 633 2020 ἕκαθεν
673 1955 731 2032 τὰς
766 1953 901 2031 ἀκτῖνας
935 1954 1086 2039 βάλλων,
1127 1976 1144 2018 e
1185 1951 1378 2039 longissimo

366 2042 592 2128 altissimoque
615 2043 723 2108 radios
746 2043 781 2108 in
804 2047 926 2109 terrem
950 2065 1051 2129 usque
1074 2043 1257 2109 demittens.

311 2138 348 2202 6]
454 2131 504 2196 De
532 2131 665 2218 Pythii
697 2132 888 2218 cognomine
920 2133 1067 2198 sufficere
1096 2133 1161 2199 iste
1187 2132 1380 2217 potuissent,

365 2221 400 2286 ni
418 2219 500 2286 haec
519 2242 647 2305 quoque
663 2242 696 2286 se
713 2221 797 2286 ratio
812 2221 954 2287 eiusdem
969 2222 1196 2307 appellationis
1210 2221 1379 2307 ingereret.
1394 2243 1418 2280 n

364 2331 448 2373 enm
479 2309 579 2373 enim
612 2309 670 2373 sol
703 2308 743 2372 in
774 2309 887 2393 signo
915 2307 1054 2375 Generi
1083 2310 1275 2374 aestiuum
1303 2310 1379 2374 sol·

365 2395 518 2460 stitinm
545 2396 659 2479 fecit,
690 2397 730 2460 in
758 2417 830 2480 quo
859 2400 919 2461 est
945 2396 1170 2481 longissimi
1198 2397 1275 2461 diei
1303 2400 1379 2461 ter-

365 2483 502 2568 minus,
534 2488 572 2548 et
600 2482 688 2548 inde
716 2488 1001 2569 retrogressum
1030 2485 1115 2569 egit
1143 2485 1188 2549 ed
1216 2483 1379 2549 diminu-

365 2572 513 2637 tionem
533 2571 696 2655 dierum,
718 2571 883 2655 Pythius
902 2593 945 2636 eo
964 2576 1137 2658 tempore
1157 2572 1381 2657 eppellstur

366 2657 782 2744 conconcessum&
802 2657 883 2725 ἐστι
901 2661 968 2726 τὸν
987 2666 1217 2728 τελευταῖον
1231 2663 1380 2749 δρόμον
1394 2686 1420 2722 n

314 2745 534 2835 62τρέχων.
598 2748 703 2813 idem
744 2749 778 2813 ei
814 2770 951 2814 nomen
989 2752 1188 2838 conuenit,
1225 2756 1262 2815 et
1299 2773 1380 2816 cum

368 2834 674 2922 Capricornum
718 2860 861 2905 rursus
903 2839 1148 2924 ingrediens
1190 2841 1380 2906 ultimum

366 2928 592 2993 breuissimi
620 2928 696 2993 diei
720 2950 870 2993 cursum
894 2930 1144 3015 intellegitur
1167 2931 1382 3016 peregisse,

367 3021 408 3080 et
440 3015 527 3082 ideo
554 3017 592 3080 in
620 3016 813 3081 alterutro
841 3019 1041 3103 signorum
1071 3023 1228 3102 peracto
1256 3038 1381 3083 annuo

368 3105 497 3189 spatio
521 3104 723 3170 draconem
745 3106 902 3190 Apollo,
925 3106 961 3171 id
985 3111 1044 3172 est
1066 3108 1282 3173 flexuosum
1306 3107 1420 3172 iteres

368 3213 490 3276 suum,
507 3192 562 3279 ibi
582 3192 796 3257 confecisse
815 3199 1056 3260 memoratur.
1091 3196 1176 3260 hene
1194 3195 1381 3280 opinionem

441 3377 454 3426 1
475 3374 575 3443 fragm.
595 3381 646 3430 9³7
666 3375 710 3431 ed.
729 3375 836 3434 Nauck.

441 3548 454 3596 1
484 3546 632 3615 nennfflln
662 3545 701 3614 P,
727 3546 825 3601 deinde
879 3551 895 3598 2
924 3547 1015 3600 ΟΛΟΝ
1045 3545 1107 3600 ΒΡ
1195 3546 1319 3601 eremi!
1354 3547 1382 3601 Β

369 3615 507 3668 emens(
527 3615 675 3685 1³‚0f’nlc
697 3616 725 3669 Β
803 3616 942 3670 ΖΕΥΓΗΙ(
961 3616 989 3669 Ρ
1059 3618 1241 3674 nononis*
1260 3617 1287 3671 Β
1365 3624 1382 3671 4

372 3683 552 3793 (ilnorror
570 3742 627 3805 (sed
645 3741 668 3794 0
687 3741 751 3795 cdd.
769 3756 843 3795 man.
862 3741 1059 3809 recentissima)
1076 3740 1105 3795 Β
1156 3743 1279 3796 πλούτου
1298 3744 1382 3797 πολὺ·

368 3809 488 3879 καρπον]
506 3810 744 3866 ΠΛΟΥΚΛΡΠΟΝ
761 3813 789 3865 Ρ
833 3819 849 3865 6
864 3810 1020 3867 confecrlsit
1033 3809 1067 3865 Β
1115 3811 1193 3867 funin
1207 3814 1317 3867 curium
1331 3813 1383 3883 (P)

371 3938 402 3987 11
422 3934 619 3990 ΕΚΛΤΗΒΛΟ(
637 3936 665 3989 Β
752 3940 784 3990 12
804 3885 910 3993 ΕΚΛΘΕΝ
930 3938 957 3993 Β
1040 3939 1174 3993 ΒΑΛΛΟΝ
1193 3939 1220 3992 Β
1302 3954 1336 3993 ex
1357 3938 1385 3992 Ρ

370 4009 402 4058 111
422 4003 507 4074 usque
525 4022 575 4064 ons.
596 4007 633 4062 P'
698 4006 846 4063 dimittens
861 4008 888 4063 Β
948 4015 980 4063 14
999 4008 1104 4080 phithn
1123 4009 1150 4062 Β
1209 4027 1322 4066 nomme
1343 4010 1381 4064 P'

369 4074 524 4146 polientP
580 4079 775 4137 screonis
831 4086 863 4136 11
883 4081 928 4137 der
948 4079 989 4137 B'
1044 4082 1232 4138 20660NB
1287 4082 1382 4139 ΕΠΙΝ

369 4146 405 4216 Β,
423 4146 533 4205 ΕΠΥΝ
552 4150 581 4205 Β
653 4157 685 4205 21
706 4151 736 4206 nl
756 4151 797 4207 en
814 4150 850 4206 B'
918 4159 953 4209 sl
973 4153 1127 4223 slterputro
1146 4153 1173 4208 Β
1242 4156 1327 4226 pecto
1346 4153 1381 4209 Β’
