3442 5190
732 820 770 874 xl
789 824 897 876 as-se
1278 823 1322 886 55

307 983 468 1138 tulus
491 1003 574 1155 liii
596 982 1374 1157 titulatustantillula}40

308 1182 427 1224 memor
455 1159 601 1225 beneficii
630 1162 762 1225 senatus
791 1182 902 1225 omnes
931 1160 1068 1226 ancillas
1096 1180 1195 1224 manu
1222 1159 1321 1225 iussit

307 1248 418 1326 emitti,
441 1248 612 1332 dotemque
635 1248 682 1313 eis
705 1270 745 1313 ex
767 1248 897 1333 publico
919 1247 998 1313 fecit
1020 1251 1053 1314 et
1071 1250 1232 1333 ornatum,
1255 1270 1319 1332 quo

284 1339 379 1401 stunc
412 1339 504 1401 erant
534 1357 631 1421 usae,
662 1339 792 1424 gestare
823 1336 999 1422 concessit,
1032 1336 1179 1421 diemque
1210 1337 1320 1420 ipsum

306 1422 334 1488 N
340 1446 432 1491 onas
456 1422 690 1509 Caprotinae
714 1425 917 1508 nuncupauit
938 1424 979 1489 ab
1003 1425 1062 1490 illa
1086 1425 1251 1509 caprifico,
1280 1448 1319 1490 ex

305 1536 366 1598 qua
389 1513 519 1600 signum
543 1512 701 1579 uictoriae
727 1515 894 1598 ceperunt,
921 1513 1179 1599 sacrificiumque
1202 1513 1320 1579 statuit

305 1624 410 1668 annua
432 1601 650 1668 sollemnitate
673 1601 914 1682 celebrandum,
937 1602 988 1667 cui
1011 1603 1071 1686 lac,
1095 1601 1181 1686 quod
1204 1624 1243 1666 ex
1266 1624 1318 1669 ca·

304 1691 414 1776 prilico
445 1694 571 1777 manat,
601 1696 736 1779 propter
767 1691 958 1758 memoriam
987 1692 1065 1758 lacti
1093 1690 1318 1777 praecedentis

253 1805 293 1844 ιο
304 1779 480 1848 adhibetur.

390 1870 453 1937 Sed
480 1893 539 1937 nec
567 1872 608 1938 ad
634 1870 930 1958 philosophandum
958 1871 1105 1957 ineptum
1134 1872 1187 1937 uel
1212 1871 1318 1957 impar
1327 1869 1368 1937 41

304 1960 419 2024 seruile
442 1961 611 2046 ingenium
629 1961 700 2026 fuit
737 1959 919 2027 Phaedon
942 1983 981 2025 ex
1000 1961 1133 2027 cohorte
1152 1959 1318 2027 Socratica

304 2046 490 2132 Socratique
512 2053 546 2115 et
564 2049 693 2116 Platoni
712 2049 942 2135 perfamiliaris
962 2049 1053 2130 adeo,
1075 2051 1114 2114 ut
1131 2049 1227 2115 Plato
1247 2050 1317 2114 eius

303 2137 425 2202 nomini
447 2137 567 2203 librum
590 2137 685 2202 illum
707 2138 853 2203 diuinum
873 2138 912 2203 dc
931 2137 1168 2203 inmortalitate
1187 2137 1316 2203 animae

271 2247 292 2288 u
305 2224 434 2311 dicaret,
452 2247 565 2290 senius
584 2225 648 2290 luit
665 2225 770 2291 forma
789 2229 887 2310 alque
906 2226 1037 2310 ingenio
1056 2225 1192 2290 liberali.
1229 2226 1316 2292 hunc

303 2310 405 2380 (lebes
416 2312 598 2380 Socraticus
608 2314 761 2380 hortante
772 2313 906 2380 Socrate
921 2314 1038 2379 emisse
1048 2313 1174 2399 dicitur,
1184 2314 1314 2380 habuis·

304 2425 399 2487 seque
418 2403 451 2468 iu
470 2403 694 2488 philosophiae
709 2403 897 2489 disciplinis,
916 2407 1013 2489 atque
1032 2404 1060 2468 ie
1080 2408 1195 2489 postea
1209 2403 1314 2488 philo·

306 2493 427 2577 soplrue
450 2493 587 2558 niustria
615 2493 757 2578 emersit,
784 2515 1014 2578 sermonesque
1033 2494 1101 2558 eius
1121 2492 1159 2557 de
1179 2491 1311 2559 Socrate

303 2582 473 2647 admodum
497 2582 662 2666 elegantes
685 2583 848 2666 leguntur.

268 2691 291 2732 ro
389 2670 457 2735 Alii
490 2692 616 2755 quoque
642 2692 710 2735 non
737 2671 832 2755 pauci
860 2670 945 2734 serui
977 2669 1121 2750 fuerunt,
1153 2670 1208 2754 qui
1240 2669 1367 2755 post42

301 2758 487 2842 philosophi
510 2758 591 2822 clari
614 2759 801 2823 extiterunt
833 2757 1008 2841 exquibus
1032 2757 1088 2822 ille
1110 2756 1315 2842 Menippus

302 2845 369 2928 fuit,
393 2846 482 2910 cuius
506 2844 606 2910 libros
625 2845 669 2909 M.
682 2845 808 2910 Vareno
833 2846 867 2908 in
887 2861 1030 2910 securus
1050 2847 1231 2910 aemulatus
1256 2852 1315 2925 est,

301 2954 379 3015 quas
402 2932 460 2997 alii
483 2929 646 3016 Garamas,
668 2933 738 3016 ipsc
761 2931 905 3016 appellat
926 2932 1143 2998 Manippala.

388 3019 451 3085 Sed
470 3022 504 3084 et
517 3019 737 3105 Theophrasti
750 3020 958 3105 Peripatetici
973 3043 1085 3085 seruus
1105 3020 1313 3106 Pompylus

265 3136 288 3177 a
301 3111 333 3173 et
350 3107 492 3174 Zenonis
511 3107 612 3176 Stoici
635 3131 756 3194 seruus,
779 3110 834 3193 qui
857 3108 1020 3174 Perseus
1044 3113 1179 3174 uocatus
1198 3112 1258 3192 est,
1281 3112 1316 3175 et

300 3196 441 3280 Epicuri,
460 3197 511 3262 cui
525 3196 559 3262 M
564 3220 607 3282 ys
626 3220 745 3264 nomen
764 3197 834 3278 luit,
852 3197 1041 3281 philosophi
1055 3219 1121 3263 non
1136 3197 1314 3263 incelebres

300 3286 354 3350 illa
383 3289 491 3351 aetate
519 3286 682 3371 uixmmt,
710 3286 905 3372 Diogenes
933 3288 1032 3352 etiam
1057 3285 1211 3370 Cynicus,
1238 3287 1315 3352 licet

301 3395 336 3438 ex
362 3374 516 3440 libertate
547 3376 580 3439 in
611 3375 802 3440 seruitutem
830 3397 949 3439 uenum
975 3375 1065 3438 ierat.
1117 3396 1213 3458 quem
1241 3397 1314 3440 cum

301 3485 402 3529 emere
430 3461 531 3529 uellet
552 3463 713 3529 Xeniades
737 3463 939 3547 Corinthius,
963 3462 1076 3548 ecquid
1105 3463 1234 3527 artificii
1256 3460 1366 3529 no-43

369 3694 441 3748 lus
455 3694 490 3762 P,
508 3693 554 3748 lul
570 3694 598 3747 B
653 3693 812 3749 tussaeB
868 3692 1096 3762 tcoepermtB
1150 3691 1313 3762 asorlcpm·

301 3765 357 3820 tate
376 3763 405 3818 P
478 3769 510 3818 1a
529 3763 614 3838 lqdon
633 3764 667 3832 P,
685 3763 781 3836 ledrou
819 3762 948 3833 ,foedon
967 3764 995 3818 Β
1074 3769 1107 3818 18
1126 3763 1259 3819 locratrce
1278 3760 1314 3817 F

303 3839 333 3888 14
351 3833 566 3890 immortalitate
584 3835 613 3890 P
684 3839 717 3889 18
736 3836 787 3889 illu
826 3834 897 3890 rlP
968 3837 1001 3888 19
1021 3833 1160 3903 eliganter
1174 3840 1207 3891 at
1223 3833 1313 3890 atah

300 3912 333 3961 20
351 3907 420 3962 serm
438 3907 502 3962 fuer*
514 3910 658 3976 praeterr
678 3908 709 3961 in
722 3923 778 3962 roa.
792 3907 824 3962 in
838 3906 867 3961 P
935 3910 970 3959 Β
990 3904 1101 3960 marcus
1111 3905 1171 3959 BP
1242 3904 1311 3974 [aty-

299 3978 337 4031 rrs
350 3979 411 4033 BP
489 3984 523 4032 23
543 3977 650 4033 crmcas
667 3978 695 4030 P
774 3983 808 4031 24
827 3975 1015 4048 Theophrasti
1036 3977 1192 4032 Mearsiae:
1220 3976 1312 4046 plulo·

300 4049 379 4102 atrati
397 4048 461 4102 BP
534 4048 726 4119 penpathdcrcr
744 4049 773 4103 Β
851 4047 971 4118 papolus
988 4047 1023 4118 Ρ,
1042 4047 1162 4117 populus
1177 4047 1205 4101 Β
1278 4052 1313 4103 25

299 4119 379 4190 pileus
393 4120 425 4173 iu
441 4135 496 4175 rue.
515 4121 547 4174 in
568 4121 595 4174 P
652 4120 711 4175 salt
728 4120 757 4174 P
808 4126 842 4175 Β
862 4119 997 4191 diogenes
1012 4118 1108 4174 autem
1127 4119 1155 4173 B
1209 4117 1317 4172 crnrcus

301 4190 328 4244 P
379 4196 413 4246 29
432 4191 462 4245 et
479 4190 547 4258 qurd
565 4191 613 4261 (lq
