3322 5190
301 796 368 860 434
675 796 751 854 SA'P.
770 798 868 853 LIBRI
887 797 938 852 Vll

300 959 421 1040 rentur,
444 958 560 1022 solitos
581 956 681 1022 fuisse
702 957 851 1021 funerum
872 959 1039 1022 ministros
1059 957 1148 1021 (leuis
1167 958 1310 1020 uirorum

301 1043 490 1127 corporibus
515 1044 639 1108 adicere
662 1046 791 1128 singula
814 1045 993 1127 muliebria,
1017 1045 1166 1108 etunius
1190 1043 1311 1126 adiutu,

322 1132 395 1195 nasi
416 1135 536 1196 natura
559 1131 701 1196 flammei
724 1135 757 1195 et
775 1132 847 1196 ideo
867 1133 1012 1197 celeriter
1030 1132 1181 1214 ardentis,
1205 1135 1311 1195 cetera

271 1218 291 1283 6
345 1216 493 1303 grabant
543 1220 591 1283 ita
621 1241 680 1284 neo
709 1219 872 1284 ueteribus
900 1221 987 1285 calor
1016 1220 1186 1284 mulierum
1215 1218 1311 1282 babe-

301 1307 397 1373 batur
425 1307 619 1392 incognitus.
664 1329 723 1373 nee
750 1308 812 1372 hoo
840 1309 968 1392 tacebo,
996 1307 1096 1394 quod,
1123 1329 1195 1373 curn
1224 1307 1349 1375 colors

301 1416 428 1480 semper
454 1396 675 1483 generationis
703 1418 800 1462 eausa
829 1398 877 1482 fit,
909 1397 1049 1462 laminae
1077 1396 1147 1461 ideo
1176 1395 1310 1461 celerius

300 1505 396 1569 quam
419 1485 514 1570 pueri
536 1486 618 1552 liunt
641 1485 775 1551 idoneae
798 1487 837 1550 ad
857 1486 1088 1573 generandum,
1110 1485 1187 1570 quia
1205 1486 1311 1550 calent

300 1573 450 1658 amplius.
495 1597 570 1639 nam
599 1579 632 1640 et
657 1576 831 1641 seeundum
854 1577 927 1641 iuru
950 1576 1080 1659 publiea
1103 1573 1310 1639 duodecimus

300 1684 406 1729 annus
432 1665 468 1729 in
495 1663 616 1729 femina
639 1670 673 1730 et
695 1669 828 1749 quartus
851 1665 993 1730 decimus
1017 1666 1051 1729 in
1074 1686 1173 1750 puero
1198 1664 1311 1728 delinit

271 1752 482 1837 ‘lpubertatis
506 1757 654 1819 aetutem.
700 1755 775 1839 quid
800 1753 919 1838 plura?
943 1776 1050 1819 nonne
1074 1754 1219 1818 uidemus
1242 1777 1349 1821 niu-10

300 1839 396 1906 lieres
420 1841 548 1925 quando
571 1843 705 1906 nimium
729 1843 832 1927 frigus
856 1847 922 1927 est,
946 1843 1098 1907 mediocri
1122 1846 1212 1907 ueste
1236 1863 1309 1907 eon-

302 1933 409 1994 tentas
432 1951 490 1994 neo
512 1930 560 1994 ita
583 1932 791 2014 operimentis
816 1930 964 2016 plurimis
987 1932 1164 2008 inuolutua,
1187 1935 1224 1995 ut
1246 1931 1308 1994 uiri

302 2019 416 2101 solent,
438 2017 562 2083 scilieet
585 2020 726 2084 naturali
749 2019 857 2083 calore
880 2023 995 2084 eontra
1016 2018 1126 2103 frigus,
1150 2016 1235 2102 quod
1255 2040 1309 2082 aer

302 2105 429 2191 ingerit,
453 2106 693 2191 repugnante?

271 2195 291 2261 8
389 2191 442 2259 Ad
459 2194 540 2259 haee
558 2195 705 2260 renidens
720 2193 933 2278 Symmachus
948 2193 1053 2259 ‘bene'
1069 2194 1174 2278 inquit
1187 2192 1308 2259 ‘Horus
1324 2223 1348 2262 1⁵

301 2284 409 2346 noster
431 2284 571 2365 temptat
593 2283 696 2347 uideri
716 2287 826 2348 orator
845 2306 883 2346 ex
903 2281 1033 2366 Cynico,
1057 2282 1163 2366 quiin
1183 2285 1309 2347 contra-

299 2368 385 2433 rium
413 2370 512 2434 uertit
538 2392 666 2452 sensus,
692 2371 809 2455 quibus
838 2375 948 2454 potest
975 2370 1141 2434 muliebris
1165 2371 1309 2452 corporis

299 2456 403 2542 frigus
421 2457 563 2542 probari.
599 2481 674 2522 nam
693 2458 778 2542 quod
797 2459 871 2542 pilis
890 2462 927 2522 ut
946 2458 1009 2521 uiri
1027 2480 1093 2521 non
1111 2456 1309 2539 obsidentur,

300 2543 411 2628 inopia
442 2545 560 2609 caloris
593 2551 650 2610 est.
700 2545 789 2610 calor
821 2549 871 2609 est
898 2547 984 2609 enim
1018 2546 1072 2629 qni
1103 2545 1185 2628 pilos
1213 2550 1309 2627 areat,

299 2631 383 2697 unde
419 2635 453 2698 et
488 2631 644 2697 eunuchis
682 2633 811 2717 desunt,
848 2654 985 2718 quorum
1017 2636 1168 2697 naturum
1200 2633 1309 2697 nullus
1323 2661 1350 2700 20

299 2720 467 2806 negauerit
491 2719 691 2806 frigidiorem
716 2722 804 2805 uiris,
827 2723 883 2785 sed
908 2727 941 2787 et
963 2723 996 2785 in
1016 2744 1150 2806 corpore
1170 2721 1309 2786 humano

299 2809 375 2876 illas
402 2815 512 2895 partes
541 2812 679 2875 maxime
708 2813 892 2876 uestiuntur
921 2812 1038 2895 quibus
1062 2811 1202 2897 amplius
1227 2811 1311 2875 inest

301 2900 425 2965 caloris.
468 2901 539 2965 leue
564 2907 670 2965 autem
695 2906 744 2966 est
767 2902 940 2966 mulierum
965 2924 1081 2988 eorpus
1106 2903 1198 2986 quasi
1219 2905 1309 2965 natu·

299 2989 361 3054 rali
386 2987 506 3075 frigore
531 2990 906 3074 densetun1,oomitatur
930 2991 1015 3054 euim
1040 2992 1183 3073 algorem
1208 2990 1308 3053 densi·

300 3081 366 3161 tas,
395 3079 510 3144 leuitas
539 3078 741 3143 densitatem.
789 3079 873 3162 quod
902 3101 978 3141 uero
1005 3101 1099 3158 saepe
1121 3081 1308 3161 purgantur,
1324 3104 1349 3144 ss

299 3187 365 3230 non
396 3167 491 3229 multi
523 3167 578 3230 sed
612 3167 721 3230 uitiosi
755 3167 900 3230 humoris
934 3167 1087 3230 indicium
1120 3171 1176 3229 est.
1228 3165 1308 3228 indi-

300 3255 429 3336 gestum
458 3257 509 3318 est
531 3254 617 3317 enim
641 3259 673 3318 ot
698 3254 844 3338 crudum,
873 3254 959 3338 quod
983 3255 1136 3338 egeritur,
1162 3259 1194 3317 et
1217 3255 1308 3336 quasi

301 3342 464 3406 infirmum
492 3343 608 3426 eflluit,
637 3365 695 3407 neo
723 3344 822 3408 babet
850 3345 970 3427 sedem,
998 3344 1053 3407 sed
1077 3348 1193 3407 notura
1216 3344 1308 3426 ‹lirrrsi

270 3432 434 3498 {inoxium
471 3446 504 3497 et
536 3433 640 3518 inagis
674 3434 826 3518 trigidum
861 3434 998 3517 pellitur.
1055 3434 1139 3517 quod
1172 3433 1309 3496 maximo

301 3521 468 3605 probatur,
487 3524 563 3606 quio
577 3523 774 3605 mulieribus,
789 3545 861 3588 eum
876 3527 1065 3605 purganlur,
1084 3522 1181 3586 etiam
1201 3523 1308 3605 algere
1323 3550 1349 3588 so

302 3610 471 3695 contingit,
495 3612 578 3674 unde
599 3612 800 3695 intellegitur
818 3611 972 3693 frigidum
992 3633 1070 3692 esse,
1095 3611 1177 3694 quod
1197 3609 1309 3694 effluit,

302 3700 335 3760 et
372 3697 444 3763 ideo
475 3699 506 3762 in
541 3699 616 3763 uiuo
651 3722 784 3782 corpore
817 3721 881 3762 non
914 3722 1041 3763 monere
1073 3699 1166 3781 quusi
1197 3698 1309 3782 iuopia

249 3786 419 3851 lOoaloris
457 3788 644 3852 extinctum.
705 3788 790 3870 quod
828 3786 983 3851 muliebre
1020 3810 1135 3870 corpus
1172 3787 1308 3851 iuuabat

300 3875 448 3938 ardentes
472 3877 569 3958 ulmo,
594 3898 658 3939 uon
682 3877 798 3940 caloris
824 3880 893 3939 erut
917 3876 972 3939 sed
996 3876 1126 3959 pinguis
1149 3876 1254 3940 carnis
1275 3880 1308 3938 et

299 3963 369 4026 oleo
398 3963 528 4047 similis,
556 3966 640 4047 quod
668 3987 733 4028 non
756 3964 790 4028 in
814 3967 878 4029 illis
902 3966 1106 4048 contingeret
1130 3986 1167 4027 ex
1192 3966 1347 4029 calorem

370 4157 386 4205 6
406 4152 523 4207 colenus
538 4171 587 4208 ona.
610 4156 637 4207 P
691 4160 723 4208 15
743 4154 888 4212 simachus
904 4157 931 4208 P
983 4161 1016 4208 ‘23
1035 4155 1097 4208 lene
1120 4151 1157 4205 P'
