3322 5190
566 836 618 893 xn
638 842 742 894 1r-ss
1086 842 1151 907 451

140 1020 207 1067 non
224 998 336 1119 ⁴¹⁰.de
353 999 443 1066 sitim
463 999 519 1066 sed
539 1002 645 1087 magis
664 1002 834 1090 magisque
853 1002 1038 1089 cupidinem
1055 1007 1152 1090 potus

140 1089 331 1245 ncceqtffia
358 1179 425 1245 est'
452 1178 560 1265 inquit
583 1179 731 1246 Disarius
758 1179 880 1247 ‘causa
926 1204 1004 1247 nam
1032 1182 1151 1267 liquori
1164 1184 1204 1249 19

140 1266 268 1350 quidem
291 1266 372 1333 nihil
391 1268 508 1353 officit,
532 1267 610 1354 quin
634 1272 782 1356 sumptus
806 1271 848 1335 ad
871 1291 983 1336 omnes
1006 1271 1150 1356 corporis

113 1358 248 1439 sparta
270 1376 398 1441 quoquo
421 1378 534 1423 uersus
558 1361 735 1441 permanet,
758 1361 792 1423 et
813 1381 913 1424 uenas
936 1360 1095 1444 conpleat,
1119 1364 1152 1425 et

140 1442 212 1510 ideo
243 1443 364 1528 inedia,
396 1466 479 1531 quae
506 1445 699 1512 inanitatem
726 1447 861 1532 fecerat,
893 1451 1025 1532 eccepto
1053 1452 1151 1533 potus

140 1533 281 1599 remedio
318 1534 410 1618 quasi
443 1535 507 1600 iem
540 1556 606 1601 non
638 1535 671 1600 in
704 1540 810 1602 totum
842 1558 945 1601 uacua
976 1539 1149 1603 recreatur.
1213 1560 1216 1567 ·

140 1619 266 1688 cibatus
293 1643 369 1688 uero
398 1626 512 1707 utpote
539 1623 722 1690 concretior
749 1626 782 1689 et
810 1625 964 1711 grandior
991 1625 1026 1690 in
1047 1647 1150 1691 uenas

139 1730 206 1776 non
240 1709 304 1775 nisi
332 1712 488 1796 paulatim
518 1711 683 1778 coniectus
712 1712 902 1778 admittitur.
951 1712 1023 1780 ideo
1051 1713 1151 1796 sitim,

102 1817 237 1885 mquam
265 1800 421 1886 repperit,
448 1801 540 1866 nullo
569 1801 713 1868 subsidio
741 1801 904 1885 srrbleuat,
936 1801 1036 1867 immo
1065 1801 1150 1889 quic·

139 1889 216 1994 quid
238 1888 318 1956 foris
340 1891 485 1996 humoris
502 1894 619 1957 nactus
637 1896 697 1976 est,
720 1891 854 2009 exprbet
871 1894 905 1957 et
923 1890 998 1957 inde
1015 1892 1151 1978 penuria

140 2000 323 2134 erusqueace
346 1983 419 2135 {1sz
440 1983 789 2135 pquqtuqqulqppurast
820 2069 1022 2155 ‘ignoratum
1055 2069 1205 2139 rolin-20

140 2179 214 2241 quo,
236 2179 293 2223 cur
315 2158 419 2223 maior
442 2160 593 2243 uoluptas
616 2161 677 2243 cst,
699 2179 770 2223 cum
795 2159 867 2222 sitis
890 2161 969 2244 potu
994 2158 1151 2243 extingui·

101 2260 127 2301 ¹⁸
141 2249 204 2323 tur,
226 2267 323 2329 quem
346 2267 419 2310 cum
442 2246 544 2310 fames
568 2245 700 2310 sedatur
720 2245 832 2310 cibo?’
873 2249 907 2310 et
926 2245 1074 2310 Disarius
1094 2244 1150 2310 ‘ex

140 2332 316 2417 praedixtis
352 2333 415 2398 hoc
451 2354 579 2418 quoque
611 2334 722 2417 liquet
777 2355 853 2398 nam
885 2333 1029 2418 potionis
1061 2336 1151 2398 totus

141 2422 278 2487 haustus
305 2421 340 2487 in
368 2443 463 2486 omna
491 2444 608 2506 corpus
636 2421 733 2487 simul
760 2425 921 2507 penetrat,
949 2425 982 2488 ct
1005 2422 1150 2487 omnium

141 2510 282 2594 partium
316 2532 430 2576 sensus
464 2510 543 2576 iacit
573 2532 671 2576 uriam
702 2511 876 2576 maximam
905 2513 938 2576 et
964 2509 1150 2576 sensibilem

141 2598 359 2684 uoluptatem,
391 2600 482 2664 cibus
515 2603 623 2664 autem
652 2599 768 2684 exiguo
798 2599 1047 2664 subministratu
1073 2622 1151 2685 pau-

100 2687 233 2752 ulatim
256 2687 425 2771 penuriam
448 2688 641 2753 consoletur.
682 2686 753 2753 ideo
777 2688 929 2772 uoluptas
952 2687 1021 2752 cius
1041 2687 1151 2751 multi·

140 2774 257 2840 fariam
281 2773 529 2842 comminuitur.'

231 2862 317 2929 ‘Hoc
341 2886 482 2949 quoque,
504 2864 532 2928 si
555 2862 692 2947 uidetur,
715 2862 798 2928 addo
821 2862 989 2950 quaesitis,
1015 2885 1072 2929 cur
1095 2862 1150 2948 qui
1160 2867 1203 2933 21

140 2950 266 3017 auidius
288 2957 415 3033 norunt,
439 2952 565 3018 facilius
585 2953 684 3017 eutius
704 2952 820 3037 capiat,
844 2973 941 3036 quam
961 2951 1015 3037 qui
1038 2951 1150 3017 eadem

141 3039 281 3127 quietius
305 3041 468 3107 cdcrinti’
512 3042 636 3108 ‘breuis
660 3040 726 3108 cst’
751 3041 858 3127 inquit
881 3040 954 3106 ‘ina
973 3041 1150 3126 responsio.

101 3145 217 3197 mirum
241 3132 298 3197 ubi
322 3132 415 3198 uuidc
439 3133 627 3215 dcuoratur,
656 3135 733 3198 tunc
756 3131 878 3197 multus
902 3153 957 3197 aer
980 3153 1053 3197 oum
1077 3131 1151 3196 edu·

142 3220 226 3286 libus
254 3221 392 3288 infertur
419 3226 552 3308 propter
579 3223 738 3287 hiantium
764 3223 865 3287 rictus
888 3224 922 3285 ct
944 3220 1152 3287 crebritatem

140 3310 330 3394 respirandi.
377 3311 479 3397 igitur
510 3311 566 3376 ubi
596 3334 650 3376 aer
673 3333 772 3377 uenas
800 3310 979 3395 conpleuit,
1012 3310 1053 3374 cd
1082 3310 1150 3375 cbi-

141 3397 287 3463 ciendum
311 3398 477 3463 fastidium
501 3421 560 3482 pro
584 3400 656 3465 cibo
679 3395 854 3484 pensetur?

229 3484 289 3552 ‘Ni
313 3487 468 3553 molestus
492 3488 553 3552 tibi
578 3509 659 3572 sum,
682 3486 800 3566 Diseri,
823 3487 934 3570 patere
957 3485 1030 3570 plus
1049 3484 1206 3554 nimio22

101 3588 128 3631 ω
141 3596 179 3639 ex
203 3573 346 3641 discendi
370 3576 519 3660 cupidine
537 3576 745 3661 garrientem,
769 3577 802 3640 ct
822 3573 920 3656 dicas,
943 3594 1074 3659 quaeso,
1096 3595 1153 3638 cur

142 3663 248 3728 edulia
285 3665 366 3728 setis
404 3664 509 3729 celida
541 3664 669 3728 facilius
702 3661 933 3745 conprimimus
966 3682 1023 3725 ore
1056 3682 1154 3746 quum

141 3772 242 3816 rnsnu
269 3753 481 3835 sustinemus,
509 3756 543 3817 et
567 3750 674 3836 siquid
697 3772 809 3816 eorum
831 3749 906 3833 plus
929 3748 1036 3813 feruet
1057 3770 1154 3833 quam

142 3841 180 3904 ut
206 3837 328 3905 diutius
356 3841 462 3923 possit
489 3840 612 3925 mendi,
641 3840 717 3905 ilico
746 3838 955 3922 deucremus,
983 3840 1016 3901 ct
1044 3840 1155 3901 tamen

142 3949 355 3957 ——a—-o—

212 3997 358 4053 iaccedrt
377 3997 415 4050 P'
494 3998 640 4064 anquoro
661 3997 689 4051 P
763 3994 894 4066 tciplet
912 3994 940 4048 P
1014 3993 1156 4049 diocorut

137 4073 249 4138 praeter
271 4068 303 4122 at
325 4073 357 4123 in
379 4085 434 4124 rus.
459 4070 490 4123 in
517 4070 544 4123 P
638 4066 825 4137 11exsor1bc
852 4066 878 4118 P
965 4069 999 4119 28
1023 4064 1159 4120 sacrari>

142 4137 237 4209 capiat
259 4141 370 4209 scripsi:
395 4142 520 4210 ceppaut
540 4141 567 4194 P
655 4144 690 4194 29
714 4139 742 4194 ui
764 4137 914 4208 molestus]
938 4135 1113 4192 Immolenur
1131 4136 1159 4189 P

143 4215 175 4266 m
196 4209 281 4284 pdrha
300 4211 394 4266 culnlc
413 4211 496 4283 sutrii
512 4211 580 4266 sutri
595 4210 707 4266 facrlrui
723 4210 751 4264 P

890 4295 945 4351 29*
