3322 5190
326 782 393 848 474
710 778 788 836 ΒΔΤ.
807 779 905 835 LIBRI
922 779 974 836 v11

327 943 452 1010 Lucina
476 963 495 1006 a
514 941 768 1026 parturientibus
787 943 966 1028 inuocatur,
990 943 1066 1028 qnia
1084 943 1250 1027 proprium
1270 942 1338 1006 eius

329 1053 446 1098 munus
468 1034 519 1095 est
536 1028 719 1095 distendere
737 1030 836 1096 rimas
856 1031 1001 1115 corporis
1019 1035 1053 1096 et
1071 1031 1231 1097 meatibus
1251 1030 1338 1095 uiam

277 1121 416 1204 28dare,
439 1116 524 1204 quod
548 1122 599 1183 est
622 1118 662 1183 ad
685 1118 871 1185 tolerandos
895 1122 1008 1205 partus
1032 1120 1182 1185 salutare.
1224 1123 1257 1183 et
1277 1118 1340 1183 hoc

330 1214 389 1294 est,
412 1205 497 1291 quod
520 1207 686 1292 eleganter
708 1211 805 1291 poeta
827 1207 1053 1274 Timotheus
1077 1207 1236 1293 expressit

544 1332 599 1394 drot
623 1332 773 1415 λαμπρὸν
794 1333 900 1396 κόλον
922 1333 1054 1417 ἄστρων
1367 1341 1382 1382 ⁶

544 1419 600 1482 ded
623 1416 650 1482 r’
678 1419 858 1485 ὠκυτόκοιο
882 1421 1031 1497 σελάνας.

279 1545 390 1613 aenea
416 1543 523 1608 minus
547 1542 631 1608 circa
660 1543 803 1607 inanima
826 1542 923 1609 lunae
946 1543 1128 1629 proprietas
1151 1541 1340 1607 ostenditur.

332 1654 409 1696 nam
434 1631 537 1717 ligna,
564 1653 645 1715 quae
672 1632 749 1697 luna
777 1633 829 1697 uel
857 1633 923 1698 iam
952 1634 1049 1719 plena
1072 1632 1122 1697 uel
1147 1631 1251 1697 adhuc
1274 1651 1341 1696 cre·

333 1725 441 1786 scente
461 1720 582 1786 deiecta
599 1725 684 1805 sunt,
707 1721 819 1805 inepta
838 1728 915 1787 sunt
934 1722 1066 1788 fabricis
1085 1721 1178 1808 quasi
1197 1719 1343 1785 emollita

333 1832 391 1895 per
421 1809 567 1874 humoris
599 1810 850 1893 conceptionem.
906 1816 939 1875 et
971 1810 1122 1896 agricolis
1154 1829 1250 1873 curae
1283 1812 1342 1891 eat,
1357 1817 1385 1857 ¹⁰

336 1897 499 1964 frumenta
526 1898 565 1963 da
593 1898 676 1962 areis
704 1918 770 1961 non
798 1899 860 1962 nisi
888 1899 965 1963 luna
992 1898 1159 1962 deficiente
1182 1896 1343 1980 colligere,

280 1989 324 2054 30
337 1990 373 2050 ut
396 1987 481 2052 sicca
504 1989 721 2071 permaneant
763 1991 876 2050 contra
898 2008 980 2072 quae
1003 1986 1153 2050 humecta
1172 1984 1344 2067 desideras,

334 2073 410 2139 luna
433 2077 596 2140 crescente
615 2073 771 2139 conficies.
813 2079 889 2139 tunc
912 2080 946 2138 et
967 2076 1099 2139 arborea
1121 2074 1227 2156 aptius
1247 2094 1344 2156 seres,

335 2164 474 2229 maxime
493 2185 565 2228 curn
584 2162 642 2227 illa
661 2165 825 2246 estsuper
845 2168 975 2245 terram,
994 2165 1070 2247 quia
1088 2162 1128 2227 ad
1143 2162 1344 2226 incrementa

280 2251 482 2336 31stirpium
521 2252 737 2314 necessarium
775 2255 824 2314 est
859 2251 1002 2315 humoris
1035 2250 1233 2314 alimentum.
1289 2259 1385 2313 aer1⁶

335 2339 404 2423 ipse
425 2339 658 2424 proprietatem
680 2339 802 2403 lunaris
821 2339 965 2403 humoris
985 2342 1017 2403 et
1035 2338 1158 2424 patitur
1177 2343 1210 2401 et
1228 2337 1344 2422 prodit.

333 2448 409 2491 nam
434 2450 506 2492 cum
530 2426 607 2490 luna
631 2428 726 2511 plena
749 2429 808 2509 est,
830 2427 882 2491 uel
906 2448 978 2491 cum
1001 2428 1145 2491 nascitur
1159 2462 1200 2471 --
1216 2430 1249 2489 et
1267 2429 1345 2490 tunc

335 2514 420 2580 euim
445 2539 465 2582 a
487 2518 594 2602 parte,
624 2536 688 2599 qua
710 2536 838 2579 sursum
862 2516 1006 2600 suspicit,
1029 2515 1126 2598 plena
1149 2519 1199 2578 est
1225 2549 1262 2560 —-
1290 2534 1346 2578 aer

335 2605 449 2669 autin
472 2602 617 2691 pluuium
641 2602 792 2690 soluitur,
817 2608 874 2668 aut
896 2605 923 2669 si
947 2604 1045 2668 sudus
1069 2604 1120 2688 sit,
1143 2602 1282 2667 multum
1306 2603 1345 2666 de

335 2717 368 2757 se
393 2695 474 2760 roris
498 2693 629 2776 emittit,
654 2691 737 2757 unde
757 2698 789 2757 et
808 2693 955 2759 Atouria
980 2694 1097 2778 lyricus
1118 2692 1198 2756 dixit
1222 2714 1344 2755 rorem
1359 2702 1386 2742 ²⁰

281 2785 438 2852 teneris
463 2789 499 2849 et
523 2785 637 2847 lunae
662 2783 797 2848 liliuru.
844 2785 890 2849 itu
913 2784 1052 2869 undique
1077 2806 1204 2847 uersum
1230 2783 1346 2865 probu-

336 2880 388 2938 tur
408 2875 449 2938 ad
467 2872 699 2939 humectandas
719 2873 1003 2957 dissolucndasque
1024 2895 1134 2937 carues
1155 2894 1224 2936 esse
1241 2873 1345 2935 lunari

337 2961 449 3026 lumini
483 2962 728 3046 proprietatem,
762 2984 858 3044 quam
892 2964 996 3044 magis
1030 2985 1106 3025 usus
1135 2983 1232 3044 quam
1261 2961 1345 3023 ratio

284 3049 556 3132 33deprel1endit.
602 3049 685 3131 quod
711 3053 816 3111 autem
842 3049 966 3127 dixisti,
989 3049 1163 3133 Euangele,
1187 3049 1225 3110 de
1250 3051 1346 3111 acuto

337 3159 444 3223 aene0,
463 3139 495 3202 ni
516 3136 621 3219 fallor,
641 3137 823 3201 coniectura
841 3161 910 3202 mea
930 3162 948 3201 a
968 3160 1044 3202 uero
1060 3160 1124 3200 non
1141 3137 1257 3200 deuiat.
1296 3140 1347 3198 est
1361 3145 1387 3185 ’ὅ

338 3227 422 3291 enim
442 3228 474 3291 in
494 3248 567 3291 aere
586 3227 635 3289 uis
656 3226 767 3303 acrior,
788 3248 882 3309 quam
900 3227 1012 3291 medici
1029 3227 1203 3310 stypticam
1219 3228 1348 3306 uocant,

338 3315 420 3379 unde
459 3337 610 3400 squamas
644 3315 712 3377 eius
743 3315 884 3379 adiciunt
917 3317 1080 3397 remediiS,
1119 3336 1199 3399 quae
1232 3318 1348 3376 contra

335 3405 511 3488 perniciem
540 3403 720 3489 putredinis
749 3403 956 3468 adnotantur.
1003 3405 1114 3469 deindo
1143 3404 1197 3486 qui
1222 3404 1255 3465 in
1281 3425 1347 3465 urc-

336 3494 416 3556 tallo
437 3496 520 3558 aeris
540 3496 716 3574 morarrtur,
734 3514 861 3575 semper
880 3495 1045 3558 oculorum
1066 3493 1205 3555 sanitate
1220 3491 1348 3575 pollent

337 3584 370 3644 et
394 3583 511 3665 quibus
534 3585 608 3645 ante
633 3580 805 3664 palpebrae
825 3581 962 3645 nudatae
982 3583 1118 3663 fuerant,
1143 3580 1209 3643 illic
1229 3601 1345 3643 conue-
1359 3589 1387 3628 ³⁰

335 3670 489 3755 stiuntur,
513 3692 591 3734 aura
615 3670 710 3753 enim,
734 3691 816 3754 quae
841 3692 878 3734 ex
903 3693 975 3735 aere
998 3670 1151 3754 procedit,
1174 3671 1207 3733 in
1232 3669 1344 3733 oculos

333 3802 459 3811 »κῇ-
465 3804 545 3811 ----

405 3887 419 3934 t
440 3880 472 3933 lr.
492 3885 517 3947 2,
537 3897 563 3948 p.
584 3883 635 3932 620
653 3879 776 3948 (Berglrii
796 3883 897 3950 poetae
916 3882 965 3950 lyr.
986 3881 1030 3935 Gr.
1050 3882 1092 3934 ed.
1111 3882 1139 3948 4)

404 4073 594 4129 ttrmatheul
611 4071 647 4126 P'
718 4076 932 4146 δΛΙΓΙΡωΝΡ
1002 4074 1239 4128 'linunrmataP
1308 4080 1344 4127 20

332 4159 394 4197 rore
416 4145 444 4198 P
497 4150 530 4199 28
550 4147 685 4198 uocantur
705 4146 732 4199 P
784 4150 818 4199 ⁸0
836 4147 934 4218 paltrp
953 4142 990 4198 P‘
