3322 5190
367 810 436 877 432
743 804 820 865 aar.
838 806 937 863 mear
955 806 1007 863 vn

317 974 361 1039 15
372 971 515 1039 occurrit
545 968 707 1035 absoluas
757 968 879 1053 legisse
910 968 996 1053 apud
1025 969 1256 1055 philosophum
1283 968 1381 1036 Gree-

369 1079 444 1126 cam
469 1057 600 1125 memini
627 1094 671 1105 -
698 1057 734 1123 ui
760 1055 872 1142 lallor,
902 1056 957 1122 ille
980 1056 1229 1124 Aarsnornnss
1256 1056 1320 1123 fuit
1347 1061 1380 1124 in

369 1148 455 1215 libro
477 1168 574 1233 quem
595 1164 644 1212 nn
664 1163 861 1211 unsarana
884 1147 1056 1233 conposuit
1074 1183 1114 1195 —
1135 1147 1288 1212 mulieres
1306 1169 1380 1214 raro

370 1238 406 1303 in
433 1236 623 1303 ebrietatem
650 1234 778 1319 cadere,
806 1234 920 1301 crebro
947 1255 1056 1320 sanes,
1081 1257 1141 1301 nee
1168 1257 1300 1302 causam
1327 1238 1380 1301 uel

369 1324 466 1393 buius
492 1323 696 1411 frequentiae
717 1323 772 1391 uel
793 1322 886 1389 illius
908 1324 1053 1391 raritatis
1076 1324 1202 1393 adiecit.
1248 1327 1282 1391 et
1303 1326 1380 1410 qaia
1406 1351 1420 1393 e

370 1414 412 1483 ad
447 1418 599 1480 nutarem
635 1433 806 1497 corporum
842 1416 914 1477 tots
944 1412 1025 1479 haec
1053 1416 1199 1498 quaestio
1231 1415 1381 1499 pertinet,

371 1524 469 1589 qnam
492 1523 590 1569 nosse
613 1504 647 1567 et
663 1501 843 1568 industriae
860 1506 937 1569 tuae
955 1506 990 1568 et
1007 1501 1219 1586 professionis
1239 1500 1380 1568 ofbmnm

369 1596 431 1677 est,
452 1589 528 1657 uolo
546 1597 580 1657 te
597 1611 713 1655 causam
731 1590 789 1670 rei,
807 1611 905 1675 quam
924 1589 980 1654 ille
999 1591 1181 1656 sententiae
1199 1591 1272 1656 loco
1291 1591 1381 1674 dixit,

371 1682 401 1747 si
422 1682 534 1746 aman
556 1678 751 1764 philosopho
773 1677 956 1762 adsentiris,
977 1677 1124 1762 aperire’.

319 1768 361 1835 16
459 1766 543 1831 'l'um
565 1766 621 1830 ille
643 1765 743 1831 ‘reete
766 1771 801 1830 et
821 1766 884 1831 hoc
907 1764 1102 1831 Aristoteles
1125 1769 1162 1831 ut
1183 1770 1301 1852 cetera,
1322 1788 1380 1832 nec
1395 1792 1420 1833 ιο

372 1874 505 1941 possum
535 1874 602 1919 non
633 1852 789 1919 adsentiri
815 1853 901 1938 uiro,
932 1854 1025 1918 cuius
1052 1852 1195 1920 inuentis
1221 1876 1282 1919 nec
1308 1854 1381 1938 ipsa

372 1946 492 2009 natura
526 1941 686 2008 dissentit
740 1941 904 2026 mulieres,
939 1940 1059 2026 iuquit,
1096 1962 1169 2007 raro
1206 1942 1380 2029 ebriantur,

333 2038 340 2051 ‘
372 2032 486 2099 mebro
519 2052 622 2097 senes.
666 2029 803 2097 rationis
835 2029 932 2116 plena
962 2031 1092 2117 gemina
1122 2031 1187 2097 ieta
1215 2032 1381 2099 sententie

372 2124 408 2187 et
441 2120 546 2187 altere
575 2120 694 2206 pendet
725 2141 764 2185 ex
795 2117 909 2187 altera.
961 2142 1039 2186 uam
1068 2142 1142 2187 cum
1174 2120 1380 2188 didicerimus

372 2207 450 2297 qnid
468 2208 620 2275 mulieres
638 2210 680 2274 ab
699 2208 855 2275 ebrietate
873 2208 1032 2294 defendat,
1052 2210 1119 2275 iem
1138 2214 1284 2276 tenemus
1302 2212 1379 2296 quid
1394 2238 1420 2279 rs

372 2316 465 2363 mnes
498 2296 540 2361 ed
565 2297 630 2361 hoc
654 2294 841 2380 frequenter
867 2295 1021 2382 impellet
1071 2298 1268 2363 contrariam
1295 2299 1380 2363 enim

374 2384 494 2451 sortita
512 2386 663 2447 naturam
681 2386 760 2448 sunt
777 2383 934 2448 muliebre
952 2404 1070 2468 corpus
1088 2387 1123 2448 at
1140 2406 1256 2468 eorpus
1272 2386 1381 2451 senile.

322 2474 362 2539 17
374 2469 490 2535 mulier
512 2468 759 2535 humectissimo
778 2473 829 2534 est
846 2489 989 2555 corpore.
1021 2470 1115 2535 docet
1133 2471 1196 2536 hoc
1214 2474 1248 2536 et
1265 2472 1381 2537 leuitas

372 2557 457 2625 cutis
483 2560 518 2622 et
544 2556 709 2642 splendor,
741 2555 860 2622 docent
886 2559 1058 2642 praecipue
1086 2557 1239 2624 adsiduae
1266 2580 1382 2646 parga-

371 2646 478 2712 tiones
514 2644 676 2729 superfluo
713 2648 925 2711 exonerantes
960 2666 1078 2731 corpus
1109 2646 1255 2712 humore.
1308 2669 1381 2712 cum
1395 2668 1422 2711 ro

372 2755 451 2822 ergo
480 2739 612 2819 epotum
640 2734 751 2798 uinum
780 2732 814 2798 in
841 2739 909 2799 tam
937 2734 1066 2820 largum
1094 2734 1246 2801 ceciderit
1272 2734 1383 2801 humo·

373 2846 451 2909 rem,
473 2823 540 2888 uim
560 2846 652 2888 snam
672 2822 777 2907 perdit
796 2828 829 2888 et
846 2823 885 2887 fit
903 2822 1045 2909 dilutius,
1068 2846 1128 2890 nec
1146 2825 1241 2890 facile
1260 2826 1381 2891 cerebri

322 2912 481 2983 resecem
514 2912 589 2978 ferit
620 2911 812 2978 fortitudine
845 2913 913 2978 eius
946 2915 1094 2980 extincta
1150 2914 1205 2980 sed
1238 2919 1272 2980 et
1302 2915 1382 2981 baec

373 3003 456 3068 ratio
476 3003 567 3068 iuuat
586 3003 765 3068 sententiae
784 3004 964 3085 ueritatem,
983 3004 1069 3087 quod
1089 3004 1245 3070 muliebre
1264 3027 1380 3090 corpus

373 3091 494 3157 crebris
525 3092 774 3176 purgationibus
805 3091 994 3177 deputatum
1021 3093 1168 3177 pluribus
1196 3100 1379 3159 consertum
1394 3110 1420 3152 2⁵

374 3184 424 3245 est
446 3179 669 3263 foraminibus,
691 3184 729 3245 ut
751 3184 865 3265 pateat
886 3181 919 3244 in
944 3186 1070 3246 meatus
1089 3183 1209 3247 etuias
1229 3184 1381 3267 praebeat

374 3269 501 3334 humori
525 3269 557 3332 in
582 3269 756 3353 egestionis
776 3268 898 3334 exitum
918 3270 1099 3352 confluenti,
1123 3292 1180 3354 per
1197 3270 1278 3337 haec
1297 3272 1382 3337 fara-

323 3359 463 3426 lilrnina
489 3380 591 3443 uapor
618 3358 684 3423 trini
712 3359 859 3423 celeriter
886 3359 1060 3425 enarroscit.
1110 3364 1223 3425 contra
1250 3362 1382 3428 senibus

375 3447 495 3513 siccum
523 3468 640 3531 corpus
668 3453 732 3529 eet,
759 3448 843 3532 quod
871 3449 990 3533 probat
1017 3449 1176 3533 asperitas
1199 3454 1232 3515 et
1254 3453 1384 3532 squalor

377 3537 470 3601 cutis.
514 3537 599 3601 unde
631 3540 663 3600 et
695 3536 773 3601 haec
806 3541 896 3602 aetas
929 3538 969 3603 acl
1002 3539 1120 3603 florum
1148 3540 1184 3603 lit
1211 3538 1424 3622 difficiliores

375 3625 461 3708 quod
494 3630 545 3688 est
577 3624 732 3689 indicium
765 3625 932 3690 siccitatis.
984 3626 1071 3690 intra
1098 3626 1158 3690 hos
1186 3627 1297 3691 uiuum
1325 3650 1384 3692 nec

375 3713 499 3796 patitur
517 3713 780 3778 contrarietatem
799 3715 1010 3797 repugnantis
1029 3713 1184 3797 humoris,
1204 3719 1237 3780 et
1256 3716 1384 3801 integra

375 3801 409 3866 ui
429 3824 488 3866 sua
507 3801 661 3865 adhaeret
679 3802 806 3886 corpori
826 3803 927 3889 aride,
951 3808 983 3868 et
1003 3825 1076 3867 mor
1096 3803 1168 3869 loca
1186 3807 1284 3887 tenet,
1302 3828 1383 3889 (puae

374 3908 586 3917 ——n—...—-.

445 3964 461 4010 2
481 3957 512 4010 lr.
532 3962 566 4010 94
584 3957 669 4013 Arist.
688 3958 786 4028 pseud.
805 3958 884 4014 Rosii

415 4050 444 4057 -ι
450 4050 587 4059 ——.—--

445 4102 461 4151 a
480 4115 603 4153 memonr
623 4097 660 4153 P'
717 4105 750 4152 lo
769 4099 836 4168 quid
853 4101 895 4155 ila
910 4102 990 4171 plere
1006 4102 1137 4172 acaptare
1155 4104 1187 4159 ἐπ
1205 4103 1233 4156 Ρ
1284 4109 1319 4158 20
1338 4122 1384 4159 ex·

374 4167 544 4223 honorantes
559 4170 587 4223 P
637 4174 671 4223 28
690 4169 873 4242 fortitudolna
892 4171 929 4227 P
985 4171 1075 4229 deora
1097 4170 1134 4228 P'
