3322 5190
617 790 765 846 man
1135 793 1202 860 sse

272 951 357 1021 Sunt
386 951 453 1018 alie
479 955 660 1019 scommata
687 953 795 1019 minus
824 973 954 1037 aspera,
986 955 1081 1038 quasi
1108 955 1199 1023 eden-
1212 965 1254 1029 10

181 1044 272 1109 tatae
302 1041 416 1107 beluae
448 1062 589 1124 morsus,
621 1044 658 1107 ut
686 1039 839 1107 Tullius
871 1040 906 1106 iu
933 1043 1112 1130 consulem,
1144 1047 1200 1132 qni

182 1152 248 1199 nno
279 1134 407 1197 tantum
439 1129 492 1195 die
520 1129 727 1197 consulatum
754 1129 896 1216 peregit,
929 1131 1062 1198 solent
1091 1133 1200 1220 iuquit

182 1241 267 1285 esse
307 1219 489 1285 flamines
526 1219 665 1303 diales,
706 1219 816 1285 modo
854 1221 1037 1286 consules
1074 1220 1199 1290 diales

156 1308 381 1391 abebemus,
403 1312 436 1373 et
457 1307 492 1371 in
516 1308 652 1373 eundem
675 1307 1010 1393 uigilantissimus
1029 1313 1090 1375 est
1107 1331 1199 1377 oon·

182 1396 241 1463 sul
268 1399 415 1482 noster,
441 1395 506 1480 qui
533 1394 571 1460 in
599 1397 806 1462 consulatu
831 1416 901 1460 suo
925 1417 1097 1463 somnum
1121 1421 1199 1465 non

180 1484 296 1570 uidit,
322 1483 490 1570 eidemque
513 1485 724 1569 exprobranti
748 1484 827 1569 sibi,
853 1483 938 1569 quod
962 1483 1003 1549 ad
1027 1507 1100 1551 eum
1124 1509 1199 1554 con·

181 1574 283 1639 sulem
305 1594 373 1639 uon
395 1573 554 1658 uenisset,
582 1574 798 1655 ueniebam,
825 1573 933 1658 inquit
954 1575 1020 1639 sed
1042 1597 1116 1641 uox
1139 1598 1211 1641 ruev

181 1660 474 1747 conprehendit
1196 1664 1200 1671 '

144 1776 170 1819 ro
271 1750 360 1817 Haec
384 1756 418 1816 et
441 1751 522 1816 talia
545 1753 630 1833 sunt,
656 1771 738 1835 quae
761 1751 835 1836 plus
858 1750 1069 1836 urbanitatis,
1090 1751 1249 1824 minusll

183 1839 408 1906 amaritudinis
441 1839 577 1924 habent,
608 1844 647 1905 nt
679 1843 756 1904 sunt
788 1841 822 1904 et
848 1839 908 1904 illa
935 1838 975 1904 de
1001 1861 1070 1905 non
1096 1841 1197 1906 nullis

181 1930 327 2014 corporis
356 1929 446 1994 uitiis
470 1932 528 1993 aut
549 1950 664 2013 porum
688 1932 747 1993 ant
768 1927 851 1992 nihil
874 1929 1043 2014 gignentia
1066 1928 1199 2015 doloris,

182 2020 220 2082 nt
242 2017 270 2083 si
293 2017 326 2082 in
352 2016 521 2082 caluitium
545 2016 733 2102 cuiusquam
758 2016 847 2082 dicas
867 2018 920 2081 nel
939 2016 973 2081 in
992 2039 1118 2103 nasum,
1140 2039 1198 2084 seo

181 2128 314 2173 euruam
334 2107 526 2172 erectionem
546 2127 603 2170 seu
618 2104 818 2171 Socraticam
832 2106 1081 2189 depressionem.
1119 2106 1198 2174 haee

143 2194 268 2262 neuim
301 2198 423 2279 quanto
457 2194 591 2258 minoris
619 2193 791 2259 infortunii
819 2199 911 2280 sunt,
942 2197 1036 2261 tanto
1064 2195 1196 2261 leuioris

181 2283 312 2350 doloris.
349 2286 461 2348 contra
484 2283 649 2347 oculorum
674 2282 797 2347 orbitas
821 2304 887 2349 non
909 2281 978 2347 sine
998 2283 1194 2351 excitatione
1208 2290 1248 2356 12

181 2372 410 2440 commotionis
434 2371 583 2456 obicitur,
606 2371 724 2456 quippo
748 2372 969 2458 Antigonus
993 2393 1050 2437 rex
1070 2372 1194 2440 Theo·

181 2462 321 2530 critum
346 2461 495 2545 Chium,
522 2462 561 2526 de
584 2484 648 2547 quo
672 2462 850 2545 iurauerat‚
873 2462 959 2548 quod
983 2463 1012 2527 ei
1034 2484 1192 2549 parsurus

182 2558 278 2633 esset,
301 2551 418 2618 occidit
440 2554 574 2637 propter
595 2572 739 2617 scomma
758 2552 800 2618 ab
819 2552 931 2618 eodem
951 2551 989 2616 de
1008 2573 1043 2617 se
1062 2552 1193 2618 dictum.

140 2668 168 2710 ao
181 2663 254 2708 cnm
283 2641 367 2706 enim
396 2640 490 2725 quasi
516 2639 697 2725 puniendus
727 2640 767 2705 ed
791 2639 993 2726 Antigonum
1017 2644 1194 2726 raperetur,

181 2730 364 2795 solantibus
396 2751 470 2793 eum
498 2729 610 2794 amicis
639 2751 677 2793 ac
703 2750 795 2814 apem
822 2729 1070 2813 pollicentibus,
1106 2731 1193 2815 quod

181 2817 270 2882 omni
298 2817 395 2882 modo
423 2816 626 2881 clementiam
654 2818 741 2901 regis
772 2821 960 2901 experturus
990 2821 1090 2903 esset,
1121 2839 1193 2882 cam

181 2904 221 2969 ad
236 2905 348 2970 oculos
363 2906 432 2969 eius
447 2902 599 2987 uenisset,
618 2905 785 2987 respoudit
799 2926 890 2989 ergo
904 2906 954 2969 im
959 2904 1193 2990 possibilem

180 2991 274 3058 mibi
297 2992 431 3057 dicitis
455 3013 562 3076 spem
585 2991 736 3057 salutis.
778 2995 850 3057 erat
872 2996 981 3058 autem
1004 2992 1194 3079 Antigonus

140 3101 245 3148 ssuno
283 3081 417 3146 orbatos
455 3080 557 3145 oculo.
612 3084 646 3145 et
681 3079 870 3164 importuna
905 3080 1075 3146 urbanitas
1108 3081 1194 3146 male

180 3169 320 3236 dicacem
345 3169 415 3234 luce
437 3169 588 3253 priuauit

267 3256 337 3323 Nee
368 3259 572 3342 negauerim,
607 3256 824 3343 philosophos
857 3280 985 3345 quoque
1017 3257 1193 3324 incurrisse
1206 3263 1246 3327 13

179 3367 244 3412 non
277 3367 455 3431 numquam
487 3367 544 3431 per
575 3345 833 3431 indignationem
865 3346 927 3412 boc
959 3366 1062 3431 genus
1090 3368 1192 3412 scom-

180 3434 286 3501 matis.
340 3455 416 3498 nam
454 3455 526 3498 cum
558 3434 645 3521 regis
678 3434 815 3500 libertus
849 3435 890 3500 ad
922 3455 1026 3500 nouas
1059 3434 1192 3503 diuitias

139 3550 166 3592 so
179 3546 280 3609 nuper
304 3527 429 3589 erectus
452 3522 665 3609 philosophos
689 3523 731 3589 ad
753 3524 940 3590 conuiuium
961 3530 1194 3610 congregasset

179 3617 212 3679 et
244 3613 412 3679 inridendo
446 3635 558 3678 eorum
591 3613 769 3679 minutulas
802 3613 1011 3700 quaestiones
1043 3615 1125 3680 scire
1158 3636 1193 3681 se

178 3703 263 3768 uelle
282 3702 425 3785 dixisset,
445 3724 502 3768 cur
521 3725 560 3768 ex
577 3702 673 3787 nigra
691 3706 725 3767 et
743 3724 781 3768 ex
801 3703 876 3769 alba
894 3703 971 3768 iaba
989 3704 1193 3787 pulmentum

179 3791 273 3857 unius
305 3790 423 3856 coloris
455 3790 582 3874 edatur,
614 3788 790 3856 Aridices
821 3791 1035 3877 philosophus
1061 3790 1193 3877 indigne

178 3935 392 3944 nna—*u—

251 4017 1192 4091 nammmmrrmmamarrmm-

179 4089 250 4144 entr'r
269 4085 305 4144 P'
378 4093 414 4143 24
430 4104 482 4156 pro
505 4090 566 4141 erat
588 4094 626 4142 ert
650 4089 668 4142 Ε
686 4090 858 4159 sequentibus
876 4091 1006 4146 eaonidis
1023 4090 1066 4145 iris
1083 4095 1115 4144 at
1132 4091 1192 4146 ald.

179 4160 278 4216 litterir
296 4175 348 4230 rga
365 4161 397 4214 ia
415 4158 444 4213 P
495 4163 530 4212 29
548 4158 584 4212 ab
604 4157 640 4210 ad
659 4159 687 4212 P
738 4163 772 4213 83
791 4158 859 4216 edat
876 4160 905 4215 P
956 4159 1137 4230 philosophos
1152 4156 1191 4214 P'
