3322 5190
326 847 393 913 428
702 847 778 902 SAT.
798 847 896 903 Llnm
916 847 966 903 vll

329 1014 379 1075 ent
401 1010 490 1073 etin
515 1030 625 1073 mensa
648 1007 757 1073 Sicula
781 1008 833 1072 uel
852 1008 987 1086 Asiana,
1015 1007 1139 1071 excedit
1158 1007 1342 1090 impatiens,

329 1097 390 1162 etsi
414 1096 493 1162 solis
517 1096 614 1161 oliuis
638 1102 695 1161 aut
718 1097 804 1160 olere
827 1100 985 1160 nascatur.
1023 1100 1141 1160 ettam
1161 1094 1216 1158 ilie
1235 1097 1342 1178 copio-

330 1208 399 1270 sus,
431 1186 459 1250 si
492 1185 745 1251 moderationem
778 1184 895 1267 tenuit,
932 1184 1083 1249 sanitatis
1116 1205 1250 1267 compos
1283 1188 1342 1265 est,

330 1297 427 1358 quam
451 1274 586 1339 insanus
612 1276 648 1338 fit
670 1274 734 1356 ille,
758 1273 809 1339 eui
834 1294 940 1338 merus
964 1273 1011 1338 sal
1035 1273 1125 1338 cibus
1150 1277 1208 1356 est,
1231 1272 1260 1337 si
1279 1271 1342 1337 hoc

277 1364 437 1449 25ipsum
465 1364 625 1429 ueraciter
649 1365 815 1429 inusserit.
861 1366 1026 1447 postremo
1055 1362 1140 1426 siin
1163 1361 1227 1444 his,
1259 1383 1342 1447 quae
1369 1388 1382 1428 s

330 1453 498 1538 sumimus,
522 1452 713 1518 uarietatem
737 1454 867 1518 noxiam
889 1455 1000 1537 putas,
1023 1473 1079 1516 our
1101 1451 1271 1537 potionum
1295 1474 1342 1516 ra·

331 1541 451 1628 media,
475 1564 557 1628 quaa
582 1563 638 1627 per
662 1565 698 1608 os
722 1541 871 1608 humanis
894 1541 1072 1607 uisceribus
1096 1539 1282 1619 infunditis,
1305 1562 1343 1605 ex

329 1637 399 1699 tam
440 1633 613 1699 contrariis
651 1656 688 1698 ac
726 1632 788 1697 sibi
825 1632 1082 1718 repugnantibus
1120 1630 1221 1696 mixta
1258 1652 1344 1695 com·

278 1730 321 1796 26
332 1721 478 1809 ponitis?
546 1743 623 1787 suco
670 1723 841 1806 papaueris
888 1721 1074 1786 admiscetis
1120 1720 1344 1804 euphorbium,

333 1809 585 1894 mandragoram
629 1811 772 1894 aliasque
813 1809 932 1874 herbas
974 1809 1168 1874 conclamati
1210 1808 1344 1893 frigoris
1360 1834 1385 1873 ro

331 1899 440 1982 pipere
468 1899 670 1980 temperatis,
700 1897 755 1961 sed
780 1919 839 1962 neo
862 1898 1072 1961 monstruosis
1095 1896 1246 1962 carnibus
1270 1897 1344 1961 abs·

332 1986 454 2066 tinetis,
477 1985 655 2050 inserentes
679 1985 803 2069 poculis
828 1985 994 2050 testiculos
1013 1987 1177 2049 castorum
1197 1988 1230 2049 et
1248 2007 1344 2050 uene·

332 2078 409 2140 nata
436 2096 573 2159 corpora
604 2075 801 2159 uiperarum,
834 2073 949 2159 quibus
977 2073 1162 2139 admiscetis
1191 2074 1346 2159 quioquid

332 2165 434 2230 nutrit
471 2163 576 2248 ludia,
614 2164 763 2250 quicquid
801 2164 969 2230 (inuehitur
1001 2163 1188 2246 herbarum,
1225 2166 1345 2249 quibus

278 2253 430 2328 270reta
463 2275 621 2338 generosa
653 2258 713 2319 est.
764 2277 835 2318 cum
869 2275 945 2338 ergo
978 2253 1019 2318 acl
1047 2253 1226 2318 custodiam
1255 2254 1345 2319 uitae
1360 2279 1385 2320 rs

332 2343 394 2408 hoc
422 2342 546 2407 faciunt
573 2343 714 2406 remedia
744 2343 829 2426 quod
853 2343 958 2424 cibus,
986 2342 1014 2405 si
1038 2341 1166 2424 quidem
1190 2341 1248 2404 illu
1272 2365 1346 2407 eam

332 2433 496 2512 reuocent,
519 2429 581 2492 iste
604 2431 779 2511 contineat,
803 2451 859 2492 cur
877 2428 944 2492 illis
963 2429 1133 2511 prouidere
1151 2430 1346 2493 uarietatem

278 2516 479 2598 28laborus,
511 2517 610 2581 istum
644 2517 789 2600 squalori
817 2515 1051 2580 uniformitatis
1080 2514 1223 2580 addicis?
1270 2523 1347 2600 post

332 2604 443 2669 omnia
465 2604 501 2667 in
525 2605 725 2687 uoluptatem
748 2625 883 2668 censura
907 2603 1092 2668 cothurnati
1116 2605 1274 2668 sermonis
1299 2606 1346 2668 in·

331 2697 516 2774 noctuam,
544 2700 709 2775 tamquam
738 2692 888 2776 uoluptas
918 2694 1029 2755 uirtuti
1058 2714 1185 2776 semper
1213 2693 1347 2758 inimica
1361 2718 1388 2758 ro

332 2783 388 2863 sit,
423 2784 456 2845 et
485 2804 551 2843 nou
579 2804 651 2846 eum
681 2781 712 2844 iu
741 2783 850 2844 luxum
880 2786 990 2865 sprota
1019 2780 1243 2845 mediocritate
1273 2805 1346 2865 pro-

332 2870 426 2953 lapsa
456 2875 514 2933 est.
566 2871 642 2954 quid
676 2871 760 2935 eninr
791 2869 860 2954 agit
888 2870 956 2953 ipse
986 2892 1098 2933 seruus
1126 2892 1192 2934 uon
1221 2870 1346 2935 edendo

333 2959 396 3022 nisi
424 2962 561 3042 cogente
586 2960 669 3021 fame
693 2981 750 3022 nec
775 2960 915 3042 potando
941 2961 1068 3042 praeter
1093 2959 1194 3040 sitim,
1223 2959 1286 3022 nisi
1310 2968 1347 3023 ut

333 3046 371 3110 de
406 3053 542 3130 utroque
577 3047 684 3130 cupiat
720 3046 944 3130 uoluptatem?
996 3068 1072 3129 ergo
1101 3047 1251 3129 uoluptas
1281 3071 1346 3111 non

332 3155 407 3198 mox
440 3137 573 3199 nomine
607 3139 678 3218 ipso
708 3137 837 3199 infamis
867 3140 930 3219 est,
961 3136 1015 3199 sed
1045 3136 1082 3199 fit
1109 3136 1204 3199 modo
1233 3138 1386 3200 utendira

279 3223 384 3298 29uei
419 3223 557 3287 honesta
589 3225 640 3287 uel
672 3225 845 3309 arguenda.
897 3246 1011 3306 purum
1039 3229 1104 3306 est,
1137 3226 1347 3289 ai'excusata

333 3312 390 3393 eit,
417 3316 449 3375 et
472 3335 537 3375 non
562 3313 660 3376 etiam
686 3313 832 3377 laudetur
856 3312 1017 3394 uoluptas.
1064 3313 1262 3395 nomnibus,
1292 3316 1347 3398 qui

333 3423 405 3465 cum
436 3401 604 3485 uoluptate
633 3403 783 3486 sumitur,
813 3402 969 3466 desiderio
994 3407 1117 3465 tractus
1142 3402 1175 3465 in
1201 3407 1347 3466 uentrem

332 3489 516 3554 reconditur
553 3492 665 3573 patula
702 3493 926 3574 expectatione
964 3492 1162 3574 rapientem,
1204 3496 1237 3555 et
1270 3491 1346 3556 dum

333 3579 477 3643 animose
507 3577 640 3662 fruitur,
673 3603 747 3644 mox
781 3603 851 3644 eum
881 3581 1066 3663 concoquit,
1099 3580 1185 3663 quod
1213 3602 1278 3644 non
1307 3602 1345 3644 ex
1360 3606 1386 3645 ro

333 3689 434 3750 aequo
459 3667 539 3731 cibis
560 3671 675 3751 euenit,
700 3690 779 3752 quos
799 3669 888 3732 nulla
908 3669 955 3732 sui
976 3668 1111 3732 dulcedo
1132 3669 1346 3734 commendat.

333 3755 409 3840 quid
438 3777 516 3841 ergo
547 3780 678 3823 accusas
708 3759 897 3823 uarietatem
926 3758 1018 3841 ‹puasi
1046 3758 1140 3842 gulae
1164 3759 1346 3823 irritamen·

332 3856 416 3927 tum,
444 3867 516 3909 cum
545 3849 632 3910 salus
657 3849 700 3911 sit
725 3847 863 3911 hominis
888 3848 995 3929 uigore
1021 3848 1252 3929 adpetentiam,
1282 3871 1347 3931 qua

404 4003 639 4057 tmoderatroms
656 4004 691 4056 P'
758 4004 844 4072 obpof
858 4004 886 4055 P
951 4004 1109 4057 tremcdro
1129 4003 1156 4055 P
1221 4005 1346 4058 beufor-

332 4073 381 4126 bu‘r
400 4073 427 4126 P
481 4079 512 4126 11
534 4077 713 4129 monstruosis
734 4075 826 4130 Cant:
846 4074 1005 4127 monstrosis
1021 4074 1048 4126 P
1103 4080 1134 4127 12
1155 4093 1167 4126 r
1186 4076 1217 4127 in
1236 4075 1345 4128 castorii

332 4162 366 4269 12γὲ
381 4145 539 4270 fdiiuanP
621 4151 652 4196 15
672 4146 713 4200 est
730 4163 780 4200 om,
800 4146 834 4212 P,
858 4147 921 4201 udal.
943 4144 1021 4199 Curat.
1107 4149 1138 4198 19
1158 4145 1299 4199 coturnatr
1321 4145 1349 4197 P
