3322 5190
333 836 398 902 150
719 832 798 890 ΕΔΤ.
816 833 914 890 LIBRI
933 834 958 889 11

330 1019 397 1063 non
420 998 671 1083 respondentem
690 997 794 1061 dicere
820 998 948 1062 solebat
971 1018 1088 1080 opera
1111 1000 1149 1061 et
1173 997 1346 1080 impensa

332 1086 458 1170 periit
509 1085 683 1170 aliquando
717 1090 826 1150 temen
859 1107 975 1149 coruus
1008 1085 1116 1169 eoepit
1147 1084 1252 1148 dicere
1284 1083 1345 1148 dic·

330 1177 436 1238 tatem
456 1175 694 1239 salutationem.
732 1173 793 1237 bac
813 1173 923 1238 audita
943 1172 1019 1237 dum
1039 1173 1158 1237 transit
1178 1173 1345 1256 Augustus

281 1274 287 1332 ζ
332 1262 501 1346 respondit
524 1263 621 1328 satis
646 1261 747 1327 domi
770 1262 1029 1328 salutatorum
1053 1261 1190 1326 talium
1214 1260 1345 1325 habeo.

295 1435 298 1441 .
331 1352 493 1437 superfuit
515 1373 614 1418 curuo
638 1350 807 1435 memoria,
829 1355 867 1417 ut
890 1355 923 1416 et
946 1350 1014 1437 itta,
1038 1350 1155 1436 quibus
1178 1350 1343 1414 dominum
1372 1372 1384 1411 ο

332 1447 520 1525 querentem
547 1441 675 1506 solebat
702 1439 826 1522 audire,
854 1441 1040 1505 subtexeret
1068 1455 1184 1524 opera
1214 1445 1252 1503 et
1277 1439 1346 1502 irn-

331 1549 449 1611 pensa
480 1529 609 1612 periit.
656 1527 696 1591 ad
730 1527 816 1610 qnod
844 1525 964 1592 Caesar
996 1527 1069 1591 risit
1095 1527 1222 1609 emique
1251 1547 1345 1590 auem

330 1614 427 1680 iussit
449 1616 562 1699 quenti
585 1615 707 1679 nullam
732 1615 835 1679 adhuc
859 1619 989 1680 emerat.

277 1702 318 1767 31
420 1700 554 1768 Solebat
572 1703 777 1768 descendenti
796 1725 816 1767 a
834 1702 963 1767 Palatio
978 1700 1110 1767 Caesari
1127 1700 1342 1765 honorificum

331 1789 463 1876 aliquod
478 1792 679 1876 epigramma
694 1791 858 1874 porrigere
873 1789 1058 1855 Graeculus.
1086 1789 1119 1854 id
1134 1811 1206 1854 cum
1217 1789 1341 1853 frustra
1356 1814 1382 1850 ιο

331 1900 428 1963 saepe
452 1879 590 1962 fecisset,
613 1900 804 1963 rursumque
827 1901 899 1943 eum
920 1879 1006 1944 idern
1025 1878 1185 1943 facturum
1204 1877 1342 1942 uidisset

331 1964 509 2051 Augustus,
527 1967 623 2032 breue
642 1989 702 2032 sua
720 1989 816 2031 mauu
835 1968 868 2031 iu
888 1967 999 2031 charta
1017 1966 1163 2030 exarauit
1181 1964 1342 2030 Graecum

331 2055 541 2140 epigramma,
564 2057 711 2140 pergenti
735 2055 849 2120 deinde
873 2056 912 2120 ad
936 2079 970 2119 se
995 2055 1124 2120 obuiam
1145 2054 1242 2119 misit„
1284 2053 1340 2117 ille

331 2143 468 2229 legendo
497 2144 640 2228 lucidare,
668 2144 778 2209 mirari
806 2150 872 2208 tarn
897 2165 975 2208 uoce
999 2166 1096 2229 quern
1119 2143 1227 2227 uultu,
1255 2163 1343 2206 curn·

331 2254 393 2318 que
416 2234 607 2300 accessisset
630 2233 669 2298 ad
693 2234 821 2315 sellam,
847 2233 988 2298 demissa
1011 2235 1045 2298 iu
1069 2234 1201 2298 fundum
1225 2254 1343 2318 paupe·
1360 2259 1385 2297 ιο

330 2343 397 2386 rem
418 2345 515 2388 mauu
535 2343 656 2406 paucos
676 2322 825 2389 denarios
841 2323 979 2406 protulit
993 2344 1074 2407 quos
1088 2323 1228 2408 principi
1245 2322 1347 2404 daret,

330 2410 475 2477 adiectus
502 2411 557 2476 bie
584 2433 690 2476 sermo
719 2413 762 2495 νὴ
789 2411 850 2493 τὴν
880 2412 943 2495 σὴν
961 2411 1079 2495 τύχην,
1111 2406 1271 2494 Σεβαοτέ·
1317 2410 1349 2472 et

329 2495 431 2564 πλέον
454 2495 557 2584 εἶχον,
580 2497 683 2565 πλέον
707 2499 852 2564 ἐδίδουν.
890 2503 1001 2564 secuto
1026 2498 1171 2563 omnium
1195 2499 1263 2562 risu
1284 2496 1347 2561 dia-

280 2587 286 2601 '
331 2591 536 2671 pensatorem
561 2586 683 2652 Caesar
705 2586 852 2672 uocauit,
876 2592 909 2652 et
932 2588 1082 2652 sestertia
1105 2592 1234 2652 centurn
1257 2584 1347 2649 milia

331 2697 501 2740 numerere
525 2675 684 2741 Graeculo
707 2676 813 2740 iussit.
1362 2706 1388 2742 eo

287 2763 318 2829 V
416 2764 528 2830 Vultis
562 2765 672 2850 aliqua
704 2771 737 2830 et
767 2765 855 2829 tiliae
884 2765 952 2830 eius
980 2764 1083 2830 Iuliae
1112 2765 1200 2829 dicta
1227 2762 1344 2828 refera-

332 2852 427 2917 mus?
473 2855 529 2919 sed
553 2855 581 2918 ei
605 2855 755 2940 garrulus
778 2876 844 2918 non
867 2855 1017 2937 putabor,
1042 2854 1118 2919 uolo
1143 2854 1181 2918 de
1201 2853 1345 2916 moribus

330 2939 470 3007 feminae
511 2963 616 3026 pauca
658 2944 880 3024 praemittere,
921 2945 955 3006 ui
994 2944 1165 3026 quiequam
1202 2944 1345 3005 uestrum

332 3030 454 3094 babeat
476 3033 560 3094 seria
584 3035 616 3094 et
636 3030 796 3112 discenda,
821 3052 903 3114 qnae
924 3030 1088 3114 proferat'.
1125 3028 1346 3094 hortantibus-

331 3138 392 3200 que
416 3119 580 3201 omnibns,
604 3124 641 3183 ut
663 3124 779 3202 coepto
802 3119 980 3198 insisteret,
1008 3120 1054 3182 ite
1078 3118 1116 3181 de
1140 3117 1225 3181 lulis
1248 3138 1341 3180 orsus
1359 3145 1385 3185 οὗ

300 3205 382 3268 test
414 3203 545 3269 ‘anuum
579 3206 698 3289 agebat
726 3205 926 3270 tricesimum
954 3212 988 3269 et
1015 3211 1180 3287 octauum,
1213 3208 1343 3286 tempus

332 3293 458 3376 aetatis,
482 3295 509 3358 ai
535 3316 624 3357 meus
648 3316 727 3357 sana
750 3299 942 3377 superesset,
968 3293 1131 3378 uergentis
1155 3294 1344 3374 insanium,

332 3380 389 3444 sed
411 3380 612 3466 induigentia
636 3387 702 3446 tarn
727 3381 877 3446 fortunae
901 3404 997 3466 quam
1017 3382 1120 3466 patris
1140 3382 1344 3462 abutebatur,

332 3490 404 3534 cum
427 3471 569 3554 alioquin
590 3471 769 3535 litterarum
789 3493 881 3535 arnor
901 3473 1065 3556 multaque
1085 3470 1233 3553 eruditio,
1257 3469 1342 3555 quod

332 3558 366 3621 in
396 3559 454 3623 ills
482 3559 578 3623 domo
608 3561 699 3624 facile
727 3565 811 3643 erat,
842 3566 1013 3645 praeterea
1041 3562 1129 3625 mitis
1157 3561 1384 3627 humanitasso

333 3645 527 3732 minimeque
555 3670 671 3713 saeuus
699 3648 827 3712 suimus
852 3649 1018 3733 iugeutam
1042 3649 1181 3714 feminae
1204 3647 1345 3733 gratiam

332 3737 556 3815 conciliarent,
585 3738 792 3821 mirantibus,
820 3740 874 3821 qui
899 3738 980 3803 uitia
1004 3739 1197 3822 noscebant,
1220 3741 1345 3801 tautam

301 3825 453 3908 dpariter
486 3826 720 3891 diuersitatem.
776 3849 840 3890 uon
875 3829 973 3891 semel
1007 3833 1214 3911 praeceperat
1246 3830 1347 3910 pater,

404 3982 560 4102 {capiti}
626 3983 816 4037 iuusernB
883 3982 1096 4049 llrursusq.P
1155 3989 1186 4035 12
1207 3983 1350 4049 breurtP

333 4053 526 4175 idtuomutdubrd
539 4051 655 4190 ddgdue
667 4061 699 4177 lsi
715 4051 927 4192 dddfobdbedyem
946 4052 1347 4192 biudodndboedrntb'itstddunduid

334 4190 448 4261 sequuta
468 4193 495 4247 P
546 4198 580 4248 23
602 4193 751 4268 iurnrupB
806 4211 840 4250 ue
861 4194 889 4248 P
940 4199 974 4249 2⁶
994 4197 1077 4269 cppto
1097 4194 1125 4248 P
