3322 5190
640 885 910 943 rmum
1214 891 1280 958 m

350 1049 432 1116 Tum
463 1047 635 1116 Africanus
671 1047 800 1115 ‘sentio’
833 1047 940 1135 inquit
969 1048 1014 1115 ‘te
1042 1050 1152 1118 sedam
1180 1052 1335 1124 etiamVI

261 1160 347 1205 nunc
368 1139 537 1205 hominum
560 1159 599 1204 sc
621 1136 753 1203 domum
777 1138 999 1224 contemplari.
1046 1161 1128 1225 quae
1160 1141 1190 1208 si
1217 1142 1280 1211 tibi

261 1250 374 1314 parua,
396 1231 434 1295 ut
456 1231 516 1312 est,
537 1227 586 1292 ita
608 1226 745 1311 uidetur,
768 1225 849 1293 haec
867 1226 1022 1294 caelestia
1041 1250 1170 1315 semper
1188 1252 1281 1317 spec·

262 1322 346 1402 tato,
374 1318 432 1384 illa
459 1317 603 1383 humana
630 1317 840 1384 contemnito.
890 1322 925 1383 tu
955 1319 1042 1384 enim
1070 1341 1167 1405 quam
1198 1322 1281 1388 cele·

233 1407 415 1474 sbritatsm
448 1406 607 1472 sermonis
639 1405 807 1471 hominum
842 1410 900 1472 aut
933 1430 1029 1493 qnam
1065 1410 1279 1497 expetendam

260 1497 414 1583 consequi
437 1497 576 1584 gloriam
600 1495 716 1580 potes?
753 1495 842 1561 uides
866 1495 1010 1562 habitari
1033 1497 1068 1564 in
1086 1501 1175 1566 tarra
1193 1501 1278 1568 raris
1377 1547 1380 1552 -

260 1589 294 1652 et
325 1586 473 1674 angustis
503 1586 538 1651 in
567 1585 647 1652 locis
679 1587 712 1649 et
737 1583 772 1649 in
801 1585 882 1669 ipsis
913 1587 1005 1671 quasi
1035 1587 1186 1674 maculis,
1222 1590 1278 1656 ubi

258 1674 440 1755 habitatur,
470 1678 581 1740 uastas
609 1672 800 1740 solitudines
831 1673 1031 1759 interiectas,
1060 1698 1191 1763 eosque,
1220 1678 1278 1764 qui

258 1765 403 1832 incolant
432 1768 567 1847 terram,
596 1785 663 1828 non
693 1761 790 1829 modo
820 1762 1020 1850 interruptos
1050 1766 1097 1831 ita
1126 1787 1209 1854 esse,
1239 1768 1278 1834 ut

219 1854 341 1920 ronihil
364 1855 449 1920 iuter
472 1854 561 1939 ipsos
585 1853 627 1918 ab
651 1849 724 1918 aliis
748 1851 789 1916 ad
812 1852 896 1918 alios
919 1875 1054 1920 manare
1077 1856 1194 1943 possit,
1217 1856 1274 1923 sod

257 1944 378 2028 partim
413 1942 580 2027 obliquos,
614 1940 735 2025 partim
772 1943 988 2026 transuersos,
1023 1946 1142 2027 partim
1176 1945 1275 2011 etiam

258 2032 412 2096 aduersos
434 2034 522 2095 stare
540 2029 645 2110 nobis,
668 2027 820 2111 aquibus
836 2033 1008 2112 expectare
1029 2031 1168 2115 gloriam
1190 2037 1277 2098 certa

256 2117 380 2183 nullam
406 2118 554 2201 potestis.
601 2116 705 2180 cernis
737 2117 847 2179 autem
876 2117 1011 2182 eandem
1035 2123 1157 2184 terram
1182 2121 1307 2206 qussi2

256 2206 449 2290 quibusdam
463 2204 647 2269 redimitam
663 2205 698 2267 et
711 2202 946 2268 circumdatam
961 2205 1111 2291 cingulis,
1125 2229 1143 2272 e
1157 2208 1275 2293 quibus

217 2311 243 2351 1⁵
257 2294 338 2359 duos
357 2293 499 2359 maxime
516 2292 602 2357 inter
622 2313 656 2356 se
675 2288 823 2356 diuersos
842 2293 876 2355 et
894 2293 975 2357 caeli
996 2294 1175 2360 uerticibus
1194 2295 1275 2380 ipsis

256 2405 295 2448 ex
324 2387 462 2469 ubsque
491 2384 586 2467 parte
616 2379 773 2446 subnixos
804 2380 987 2467 obriguisse
1022 2383 1140 2468 pruina
1175 2384 1275 2470 uides,

256 2472 397 2539 medium
417 2477 527 2555 autam
547 2471 638 2536 illum
661 2475 694 2535 et
711 2468 889 2536 maximum
909 2471 988 2537 solis
1009 2472 1125 2539 ardore
1144 2476 1273 2542 torreri.

255 2563 318 2629 duo
342 2565 421 2628 sunt
448 2559 659 2644 habitabiles,
690 2581 827 2645 quorum
858 2561 1010 2627 australis
1040 2563 1112 2649 ills,
1141 2563 1177 2629 in
1207 2568 1306 2651 quod

254 2652 309 2737 qui
333 2651 491 2718 insistunt
513 2650 653 2716 aduersa
675 2647 770 2715 uobis
798 2651 916 2734 urgent
938 2650 1090 2738 uestigia,
1120 2652 1203 2718 nihil
1230 2653 1272 2719 ad

213 2743 399 2807 wuestrum
431 2761 548 2826 genus,
581 2738 634 2803 hio
667 2741 776 2803 autem
807 2736 891 2802 altar
921 2739 1084 2806 subiectus
1115 2741 1271 2827 aquiloni,

254 2850 351 2913 quem
370 2829 523 2913 incolitis,
546 2847 650 2909 cerne,
669 2846 767 2910 qnam
791 2824 881 2890 tenui
901 2847 960 2891 uos
979 2832 1072 2910 parts
1091 2830 1271 2916 contingat.

255 2917 361 2981 omnis
395 2917 480 2981 enim
509 2917 611 2998 terra,
643 2935 725 2997 quac
759 2912 880 2979 colitur
908 2936 928 2978 a
954 2916 1063 2999 uobis,
1095 2921 1270 3005 angustata

251 3004 442 3090 uerticibus,
482 3003 638 3070 lateribus
675 3001 789 3087 latior,
830 3022 931 3087 parua
968 3004 1125 3088 quaedam
1161 3006 1270 3073 insula

252 3096 303 3160 cst
340 3093 535 3162 circumfusa
569 3093 626 3158 illo
663 3090 760 3178 mari,
802 3090 887 3176 quod
925 3090 1142 3182 Atlanticum,
1183 3095 1268 3182 quod

210 3198 420 3271 romagnum,
458 3207 554 3270 quem
586 3182 752 3250 Oceanum
788 3180 960 3268 appellatis
996 3183 1030 3249 in
1066 3185 1175 3271 terris,
1212 3187 1268 3271 qui

251 3277 362 3339 tamen
390 3277 484 3340 tanto
511 3272 643 3339 nomine
670 3292 767 3355 quam
795 3270 840 3336 sit
865 3292 985 3355 paruus
1009 3272 1108 3340 uides.
1153 3296 1193 3341 ex
1215 3274 1300 3343 his4

249 3362 331 3448 ipsis
358 3362 456 3430 cultis
483 3361 634 3447 notisque
661 3359 858 3426 terdenum
882 3362 1054 3427 uuttuum
1083 3366 1140 3428 aut
1162 3364 1266 3431 cuins·

250 3473 348 3537 quam
384 3454 535 3518 nostrum
571 3470 689 3516 nomon
726 3448 778 3514 nel
816 3445 996 3515 Caucasum
1029 3451 1130 3538 hunc,
1171 3475 1266 3538 quem

250 3543 364 3625 cernis,
386 3540 612 3609 transcendere
634 3538 757 3626 potuit,
787 3536 841 3603 uel
868 3536 960 3605 illum
992 3537 1129 3629 Gangen
1157 3545 1266 3611 bana·

209 3652 237 3693 so
251 3635 345 3699 ture?
367 3634 439 3719 quis
459 3634 494 3698 in
509 3632 641 3719 reliquis
657 3627 791 3697 orientis
806 3630 864 3694 aut
877 3628 1029 3696 obeuntis
1044 3633 1124 3698 solis
1139 3633 1264 3700 ultimis

251 3728 310 3788 aut
338 3722 501 3808 aquilonis
529 3722 674 3799 austriae
701 3718 851 3803 partibus
874 3719 967 3783 tuum
990 3741 1109 3786 noman
1132 3722 1265 3789 audiet?

305 3920 418 3983 lmqm
435 3914 471 3968 Β
523 3913 721 3983 lcontapmto
740 3909 801 3963 PB
848 3907 1015 3963 'lmalculrl'
1029 3911 1057 3965 Β
1101 3910 1218 3981 8hosq3
1236 3912 1266 3967 Β

247 3985 358 4056 tasse]
379 3991 395 4040 ὁ
414 3986 442 4040 Β
486 3987 517 4039 11
538 3984 641 4054 partun
659 3977 829 4037 aranllrcrlof
843 3993 894 4033 osa.
910 3977 1022 4034 Potin
1033 3983 1265 4055 llnspcqinucB

249 4059 282 4109 12
304 4055 428 4125 spectare
447 4056 476 4111 Β
536 4057 569 4107 18
589 4053 687 4108 eadem
705 4047 741 4105 Β
798 4053 831 4103 14
850 4047 1013 4104 mrcnndata
1031 4050 1060 4105 P
1112 4053 1265 4109 mandore

248 4124 315 4180 solil
330 4126 358 4183 Β
442 4129 475 4180 19
494 4124 616 4196 urgueat
635 4123 663 4177 P
747 4126 781 4175 23
800 4117 893 4174 msula
908 4118 937 4172 Β
1008 4125 1043 4174 24
1061 4121 1220 4179 athlantrcs’r
1238 4123 1268 4178 P

249 4201 283 4250 25
304 4201 427 4250 ceceanu
446 4196 474 4250 Β
547 4193 623 4264 quod
641 4208 777 4248 oceanum
795 4189 833 4245 P'
895 4189 1030 4245 aellatrl
1047 4193 1074 4246 P
1129 4199 1164 4249 2³1
1182 4201 1221 4248 aa
1239 4193 1269 4247 P

249 4271 283 4322 29
302 4266 477 4323 transnatare
495 4284 543 4322 mx
561 4284 591 4321 m
609 4263 696 4334 reliql
710 4264 738 4317 B
793 4265 828 4318 80
846 4205 985 4330 quisfurl
1000 4262 1028 4316 P
1046 4272 1047 4276 ’

1048 4351 1103 4407 42*
