3322 5190
319 798 386 865 386
702 797 777 854 SAT.
796 794 893 851 LIBRI
914 796 951 852 Vl

365 959 574 1043 caprigenum
598 959 676 1023 trita
699 957 840 1042 ungulis.

321 1081 406 1147 idem
429 1083 462 1146 in
485 1080 668 1145 Minotauro

366 1206 535 1291 tanrigeno
559 1205 681 1269 semine
705 1206 812 1267 ortum
835 1202 933 1266 fuisse
957 1224 999 1266 an
1022 1202 1187 1267 humano?

271 1353 471 1420 reducente
489 1357 522 1420 et
539 1353 591 1418 his
610 1351 763 1438 epithetis
778 1351 942 1438 Vergilius
962 1375 1039 1418 usus
1055 1356 1117 1417 est:
1137 1374 1196 1436 pro
1211 1352 1331 1437 sagitta

321 1442 487 1508 uolatile
505 1441 648 1506 ferrum
667 1446 701 1505 et
718 1462 777 1524 pro
798 1440 952 1506 Romanis
971 1445 1200 1526 gentemque
1221 1446 1328 1524 toga·
1357 1465 1370 1504 a

322 1534 412 1617 tam,
435 1552 571 1616 quorum
591 1530 692 1595 altero
712 1526 836 1611 Susino,
856 1531 959 1594 altero
978 1527 1137 1593 Laberius
1157 1551 1233 1593 araus
1252 1533 1330 1593 erat.

320 1641 397 1686 nam
421 1617 537 1685 Sneiue
560 1619 593 1684 in
617 1618 700 1682 libro
724 1618 837 1702 quinto
862 1620 908 1684 ait

533 1745 764 1827 uolucrumque
787 1743 919 1809 uolatile
943 1744 1052 1809 telum.

322 1889 360 1933 ac
382 1866 538 1932 Laberius
562 1868 595 1931 in
619 1865 755 1950 Ephebo

366 1991 532 2056 licentiam
555 2011 593 2055 ao
616 1989 781 2054 libidinem
804 1994 842 2055 nt
864 1990 976 2056 tollam
1002 1990 1085 2074 petis
1346 2014 1371 2053 ro

366 2084 498 2168 togatae
522 2078 643 2164 stirpis.

320 2205 404 2271 idem
428 2204 514 2269 inira

365 2329 481 2393 idcirco
506 2348 566 2410 ope
589 2329 703 2392 nostra
727 2326 898 2391 dilatatum
923 2331 973 2390 est
995 2325 1172 2388 dominium

364 2420 497 2500 togatae
520 2415 637 2499 gentis.

265 2563 314 2632 Vl
404 2563 543 2650 Figurae
576 2586 667 2647 uero,
699 2585 779 2648 quas
812 2562 912 2628 traxit
939 2562 977 2627 de
1005 2565 1181 2647 uetustate,
1215 2561 1243 2626 si
1271 2584 1324 2626 uo·
1343 2589 1368 2627 re

319 2653 461 2720 lentibus
488 2652 583 2719 uobis
611 2654 686 2739 erit,
713 2675 785 2717 cnm
814 2652 985 2738 repentina
1013 2651 1169 2716 memoria
1197 2670 1330 2737 sugges·

321 2745 413 2829 serit,
436 2744 640 2808 enumerabo.
686 2744 741 2808 sed
766 2765 850 2808 nune
874 2743 960 2808 dicat
984 2743 1059 2807 uolo
1084 2741 1223 2824 Seruius,
1249 2766 1331 2827 quase

320 2835 353 2900 in
373 2833 520 2919 Vergilio
541 2835 704 2899 notauerit
723 2834 763 2897 ab
783 2835 853 2917 ipso
874 2834 1022 2919 figurata,
1045 2855 1110 2897 non
1130 2856 1149 2897 a
1168 2832 1330 2898 ueteribus

321 2928 466 3007 accepta,
495 2925 547 2988 uel
576 2945 656 2986 ausu
684 2923 812 3005 poetico
841 2945 926 2986 noue
950 2922 1078 3005 quidem
1103 2923 1158 2986 sed
1182 2921 1331 2985 decenter

320 3015 482 3094 usurpata.
538 3011 656 3072 cotidie
693 3010 780 3072 enim
814 3010 981 3073 Romanae
1015 3009 1118 3072 indoli
1151 3010 1371 3073 enarrandam

321 3098 456 3161 eundem
484 3101 592 3160 uatem
620 3118 750 3160 necasse
775 3102 825 3160 est
848 3098 968 3159 lrabeat
990 3097 1086 3159 huius
1110 3096 1329 3159 adnotationis

321 3185 487 3250 scientiam
515 3182 770 3268 promptiorem?
816 3185 940 3266 placuit
967 3183 1127 3247 uniuersis
1156 3184 1269 3246 electio
1297 3185 1329 3245 in

321 3274 445 3355 reliqua
469 3272 603 3348 suffecti,
627 3277 660 3334 et
683 3272 845 3335 adhortati
865 3276 941 3334 sunt
959 3269 1116 3350 Seruium,
1140 3273 1275 3353 atquae
1295 3272 1328 3334 in

290 3365 356 3428 2ee
384 3361 493 3424 refusa
521 3364 597 3423 sunt
625 3360 806 3422 adnotaret.
851 3359 905 3422 illo
930 3360 976 3422 sic
1000 3360 1114 3440 incipit
1136 3359 1240 3422 ‘uates
1267 3359 1328 3422 istc

321 3447 515 3513 uenerabilis
544 3448 633 3511 uarie
659 3447 754 3510 modo
778 3447 878 3511 uerba
901 3448 996 3510 modo
1021 3469 1135 3510 sensns
1160 3448 1328 3530 figurando
1343 3472 1369 3512 aa

320 3537 458 3602 multum
487 3534 656 3601 latinitati
689 3537 806 3620 leporis
835 3536 960 3600 adiecit.
1011 3537 1119 3619 quadiu
1147 3540 1222 3599 sunt
1251 3535 1329 3600 lraoo

348 3655 534 3662 ..—.-....-—-.---.

392 3719 405 3766 1
426 3732 452 3769 u.
472 3718 523 3767 544
543 3713 584 3766 ed.
604 3720 620 3766 2
642 3711 721 3766 llibb.
808 3718 867 3764 311.
888 3717 939 3765 463
960 3711 1002 3766 od.
1022 3719 1037 3765 2
1058 3711 1138 3765 ltine.
1221 3716 1237 3764 t
1259 3714 1326 3764 Aen.

320 3784 425 3910 iiidbw
481 3792 496 3838 t
515 3785 552 3839 ib.
573 3785 584 3837 l
603 3791 654 3838 282
712 3789 744 3837 10
763 3803 788 3837 u.
808 3790 841 3836 42
862 3785 904 3838 cd.
923 3791 939 3837 2
959 3783 1040 3839 ltibb.
1099 3790 1129 3836 13
1150 3803 1174 3839 u.
1195 3790 1228 3837 il
1248 3784 1290 3839 ccl.
1312 3791 1327 3837 2

392 4023 406 4070 1
427 4017 495 4069 tuto
516 4016 543 4068 P
614 4021 629 4065 3
649 4015 728 4068 fnisse
747 4030 796 4067 om.
820 4016 845 4065 P
912 4021 927 4066 6
947 4013 1064 4082 saerjus
1079 4014 1148 4078 (uid.
1167 4014 1253 4078 sittace
1272 4013 1329 4065 sno·

318 4085 441 4160 maist)
506 4085 629 4138 euiusP
695 4084 921 4137 rsuelusstcP
980 4083 1172 4157 llephpboP
1234 4084 1329 4136 10L1·

320 4157 414 4209 oentu'r
435 4156 463 4210 P
515 4156 590 4226 petri
604 4173 654 4210 om.
674 4156 701 4208 P
754 4160 787 4207 22
807 4154 896 4209 alecto
916 4155 943 4207 P
