3442 5190
673 919 726 976 Vll
744 924 848 977 20—21
878 919 942 975 vm
962 925 1030 976 l—t
1294 919 1360 985 613

347 1106 407 1152 nec
440 1083 566 1171 opinari
598 1083 648 1150 fas
677 1086 742 1167 est,
773 1082 850 1168 quia
875 1085 1027 1150 nentrum
1058 1082 1219 1170 tropicum
1247 1103 1360 1148 cursus

349 1175 426 1241 solis
455 1173 589 1240 excedit.
632 1195 712 1238 num
741 1172 842 1258 igitur
869 1172 948 1238 illud
979 1170 1140 1257 adtendit,
1167 1171 1253 1257 qnod
1282 1170 1361 1237 dixi·

349 1285 435 1347 mus,
467 1265 500 1328 et
526 1263 614 1328 intra
640 1260 802 1348 tropicum
830 1260 864 1325 in
894 1283 933 1326 ea
960 1263 1111 1346 perustae
1138 1263 1248 1346 parte,
1279 1282 1361 1345 quae

348 1351 455 1417 uicina
483 1354 533 1416 est
555 1354 766 1435 temperatae,
793 1348 995 1416 habitatores
1018 1350 1109 1416 esse?
1154 1371 1230 1415 nam
1254 1347 1391 1436 Syene3

322 1440 409 1507 asub
441 1441 512 1526 ipso
545 1439 672 1527 tropico
707 1444 772 1524 est,
808 1438 918 1505 Meroe
950 1443 1059 1506 autom
1092 1439 1196 1505 tribus
1228 1436 1359 1504 milibus

347 1529 543 1617 octingentis
579 1529 694 1596 stadiis
728 1530 762 1595 in
795 1532 960 1615 perustam
993 1552 1013 1594 a
1044 1527 1148 1613 Syene
1181 1529 1359 1594 introrsum

346 1619 483 1703 recedit,
509 1621 543 1684 et
569 1618 610 1684 ab
638 1619 698 1706 illa
728 1640 829 1705 usque
852 1619 893 1685 ad
917 1622 1036 1685 terram
1060 1617 1255 1684 cinnamomi
1277 1617 1361 1682 lera-

347 1729 416 1773 cem
441 1710 518 1773 sunt
540 1706 646 1774 stadia
669 1708 871 1795 octingenta,
893 1712 927 1775 et
949 1730 1007 1793 per
1027 1705 1234 1773 haecomnia
1253 1704 1361 1791 spatia

346 1800 497 1882 perustae
533 1797 611 1864 licet
642 1797 708 1862 rari
739 1800 848 1864 tamen
880 1797 950 1862 uita
981 1796 1133 1862 fruuntur
1164 1795 1361 1878 habitantes,

309 1905 335 1945 ro
348 1885 435 1950 ultra
462 1908 540 1952 uero
567 1886 635 1952 iam
662 1887 861 1953 inaccessum
889 1890 941 1951 est
964 1889 1099 1970 propter
1120 1885 1257 1950 nimium
1281 1883 1360 1950 solis

348 1973 506 2040 ardorem.
551 1996 623 2040 cnm
651 1995 730 2060 ergo
758 1977 888 2040 tantum
919 1972 1018 2058 spatii
1042 1996 1081 2038 ex
1104 1976 1235 2057 perusta
1258 1970 1393 2037 uitam4

346 2062 518 2147 ministret,
541 2066 575 2127 et
597 2064 668 2127 sine
691 2063 790 2129 dubio
809 2063 895 2129 circa
913 2061 1067 2128 uiciniam
1086 2061 1219 2127 alterius
1237 2064 1361 2145 tempe·

347 2156 450 2232 ratae,
481 2150 513 2214 id
547 2153 597 2215 eet
627 2154 836 2217 antoecorum
869 2150 1074 2215 tantumdem
1107 2150 1208 2234 spatii
1241 2149 1361 2214 habere

347 2240 497 2321 perustae
520 2237 602 2302 fines
620 2239 692 2322 pari
710 2238 957 2303 mansuetudine
974 2260 1042 2304 non
1059 2240 1197 2322 negetur
1213 2273 1251 2284 -
1268 2236 1363 2320 paria

308 2324 434 2390 rsenim
457 2326 491 2390 in
513 2327 650 2412 utroque
673 2329 765 2411 parte
789 2330 867 2392 sunt
889 2326 998 2392 omnia
1016 2361 1052 2373 -
1070 2325 1143 2391 ideo
1166 2322 1360 2390 credendum

347 2416 397 2479 est
419 2435 478 2500 per
500 2414 661 2500 poeticam
683 2415 802 2500 tubam,
826 2436 908 2501 quae
926 2415 1036 2481 omnia
1054 2435 1181 2500 semper
1200 2412 1235 2479 in
1254 2411 1360 2478 maius

348 2502 488 2587 extollit,
524 2502 644 2570 dixisse
678 2504 765 2571 uiam
798 2504 877 2570 solis
909 2507 1031 2572 sectam
1062 2526 1121 2590 per
1153 2506 1360 2590 temperatas,

347 2592 502 2678 qnoniam
530 2613 568 2658 ex
596 2598 733 2680 utreque
759 2598 853 2680 parte
879 2595 961 2660 fines
989 2598 1141 2681 perustae
1163 2593 1198 2659 in
1221 2614 1259 2660 eo
1283 2598 1361 2659 sunt

348 2682 469 2748 similes
497 2685 700 2769 temperatis,
728 2684 813 2769 quod
845 2707 879 2750 se
907 2683 1073 2770 patiuntur
1100 2682 1264 2750 habitari?
1314 2682 1391 2749 and

308 2772 433 2838 rolorte
470 2772 600 2858 poetica
636 2773 770 2855 licentia
806 2773 1000 2859 particulam
1033 2796 1091 2860 pro
1125 2773 1225 2839 simili
1256 2793 1359 2859 paene

347 2861 508 2946 particula
538 2861 649 2946 posuit
680 2866 714 2927 et
745 2884 804 2948 pro
838 2863 908 2928 sub
941 2864 1075 2929 ambas
1108 2863 1213 2927 dicere
1243 2861 1361 2928 maluit

346 2970 414 3033 per
436 2949 590 3015 ambas?
626 2971 702 3015 nam
726 2973 760 3015 re
784 2973 862 3016 uera
885 2951 1000 3018 ductus
1023 2950 1147 3018 zodiaci
1165 2950 1225 3016 sub
1246 2951 1360 3016 ambas

347 3040 545 3121 temperatas
577 3040 664 3104 ultro
697 3039 843 3125 citroque
875 3041 1036 3126 peruenit,
1068 3062 1133 3106 non
1163 3043 1275 3104 tamen
1302 3060 1361 3124 per

348 3127 469 3210 ambas,
493 3128 613 3193 scimus
637 3131 745 3193 autem
768 3133 801 3193 et
823 3128 1002 3195 Homerum
1024 3130 1132 3216 ipsum
1154 3133 1188 3195 et
1206 3128 1240 3194 in
1260 3127 1360 3193 omni·

307 3232 333 3274 rs
347 3213 409 3280 bus
441 3216 641 3282 imitatorem
674 3217 743 3283 eius
772 3217 940 3284 Maronem
972 3240 1067 3303 saepe
1100 3217 1184 3284 tales
1217 3220 1361 3283 mutasse

347 3305 533 3388 particulas.
580 3327 636 3387 an,
663 3306 748 3390 quod
777 3306 858 3372 milri
886 3329 962 3372 uero
984 3307 1117 3393 propius
1134 3305 1272 3389 uidetur,
1295 3312 1392 3390 perd

348 3391 480 3457 ambas
503 3414 562 3477 pro
591 3392 696 3459 inter
723 3393 856 3461 ambas
879 3395 985 3462 uoluit
1003 3395 1173 3481 intellegi?
1210 3394 1361 3461 zodiacus

348 3481 432 3546 enim
453 3481 538 3546 inter
559 3482 669 3547 ambas
689 3485 887 3568 temperatas
906 3485 1058 3569 uoluitur,
1076 3506 1143 3550 non
1162 3506 1220 3569 per
1239 3483 1362 3563 ambas,

348 3570 555 3634 familiariter
583 3573 691 3636 autem
719 3594 787 3658 per
815 3595 874 3658 pro
903 3574 1150 3657 interponere
1173 3573 1256 3638 solet
1279 3571 1363 3638 sicut

308 3676 336 3717 ro
350 3657 433 3722 alibi
452 3679 579 3742 quoque

393 3779 514 3845 circum
538 3802 657 3865 perque
677 3781 756 3848 duas
780 3782 813 3847 in
835 3803 959 3849 morem
982 3783 1127 3848 fluminis
1150 3781 1278 3848 Arctos.

419 3940 453 3991 ar
473 3935 574 4006 neom.
594 3936 607 3990 1
626 3943 678 3993 aas

419 4085 435 4132 ll
455 4076 579 4133 attendit
598 4079 626 4133 Β
694 4084 709 4132 7
729 4096 906 4149 cynnamoma
924 4082 957 4148 P,
977 4097 1136 4150 cynamomr
1154 4082 1183 4136 Β
1240 4085 1257 4135 8
1277 4079 1363 4135 ltadr·

347 4165 427 4205 orum
445 4149 590 4218 octoginta
608 4149 636 4203 Β
686 4154 719 4204 la
738 4157 833 4205 mount
851 4152 880 4206 P
931 4157 964 4206 lt
985 4154 1131 4219 anteocozl
1150 4154 1178 4208 Β
1250 4155 1284 4205 tt
1303 4149 1361 4220 soal

348 4218 482 4345 duagtrrzl⁸
508 4219 701 4345 ¹{llpgprcul'
717 4220 746 4274 P
797 4226 831 4275 tl
849 4221 972 4292 intelligi
990 4221 1148 4294 coaldracul
1162 4223 1191 4277 Β
1243 4225 1279 4276 2⁹
1295 4221 1362 4276 cult

347 4308 394 4362 pr
483 4330 490 4344 .
