3322 5190
335 816 399 884 198
722 817 799 875 SA'l'.
814 818 913 873 blliltl
931 816 969 871 lll

328 978 516 1045 Arruntis
531 978 708 1063 uirgines
722 978 899 1045 Vestales
915 984 953 1046 et
971 981 1095 1065 ipsius
1109 1005 1206 1048 uxor
1220 981 1346 1047 Publi·

278 1067 389 1135 12cia
416 1065 616 1130 flaminica
644 1069 682 1130 et
706 1066 932 1151 Sempronia
960 1089 1092 1134 socrus
1122 1071 1213 1134 eius.
1255 1092 1348 1134 cena

329 1155 424 1220 haec
446 1153 533 1217 luit:
566 1157 657 1217 ante
680 1173 812 1219 cenam
836 1156 1010 1240 echinos,
1033 1161 1187 1222 ostreas
1211 1158 1347 1221 crudas

356 1246 514 1308 uantum
545 1240 707 1324 uellent,
737 1242 951 1326 peloridas,
983 1243 1235 1330 sphondylos,
1268 1249 1346 1308 tur·

330 1264 415 1396 lum
435 1348 651 1412 asparagos
671 1330 824 1414 subtus,
847 1331 1036 1416 gallinam
1061 1332 1226 1418 altilem,
1249 1333 1347 1417 pati·
1375 1363 1389 1404 r

328 1439 414 1485 nam
456 1422 672 1482 ostrearum
714 1418 945 1502 peloridum,
991 1420 1153 1486 balance
1200 1420 1348 1506 nigros,

328 1506 492 1574 balanos
532 1505 655 1571 albos:
694 1507 834 1572 iterum
876 1508 1117 1592 sphondylos
1154 1510 1348 1592 glycoma-

328 1595 434 1661 ridas
476 1594 625 1660 urticas
667 1594 872 1681 ficedulas,
921 1597 1070 1663 lumbos
1112 1597 1348 1682 capragines

328 1705 539 1772 aprugnos,
562 1682 695 1749 altilia
718 1707 761 1750 ex
786 1685 913 1751 farina
935 1687 1126 1769 inuoluta,
1154 1686 1347 1752 ficedulas

329 1773 494 1840 murices
513 1776 552 1838 ot
569 1795 770 1858 purpuras
813 1776 850 1841 iu
870 1798 965 1842 cona
986 1776 1150 1859 sumina,
1174 1775 1348 1861 sinciput
1363 1809 1388 1848 10

329 1884 558 1950 aprugnum,
581 1862 754 1947 patinam
773 1864 954 1949 piscium,
977 1865 1148 1950 patinam
1167 1867 1346 1951 suminis,

330 1957 481 2037 suetos,
517 1951 801 2038 querquedulas
834 1954 971 2038 elixas,
1008 1956 1174 2039 lepores,
1214 1955 1346 2021 altilia

279 2045 431 2129 ldassa,
460 2042 640 2124 amulum,
664 2064 783 2126 paues
807 2040 996 2109 Picentes.
1049 2043 1105 2108 nbi
1128 2044 1191 2108 iarn
1217 2043 1346 2110 luxuria

328 2137 406 2198 tunc
439 2136 660 2214 accusaretur,
692 2131 822 2214 quando
856 2138 905 2197 bot
934 2133 1031 2197 rebus
1060 2135 1145 2196 l'erta
1175 2133 1237 2197 luit
1266 2157 1346 2199 cona

328 2219 543 2307 pontificum?
589 2219 660 2302 ipsa
693 2242 771 2286 uoro
803 2220 944 2286 edulium
977 2243 1096 2307 genera
1127 2244 1224 2305 quam
1256 2222 1344 2288 dictu
1360 2254 1384 2293 rs

329 2310 459 2395 turpia?
518 2330 593 2373 nam
626 2307 746 2373 Trrrvs
783 2309 818 2372 in
850 2326 1020 2375 sessione
1052 2326 1154 2375 usare
1186 2309 1346 2375 l'rnnrsu

329 2398 432 2464 obicit
449 2396 578 2462 saeculo
598 2417 667 2479 suo,
686 2395 784 2480 quod
803 2418 958 2482 porcum
977 2397 1185 2462 Troianum
1204 2401 1344 2464 mensis

328 2484 515 2569 inferant,
547 2504 644 2568 quom
677 2485 726 2548 illi
760 2484 834 2550 ideo
867 2485 914 2550 sic
944 2484 1118 2569 uocabant,
1149 2487 1242 2569 quasi
1272 2487 1344 2551 eliis

329 2574 462 2640 inclusis
486 2571 683 2638 animalibus
705 2572 891 2657 grauidam,
921 2575 959 2638 ut
980 2573 1036 2637 illo
1060 2573 1220 2638 Troianus
1244 2596 1344 2659 equus

281 2663 486 2750 14grauidus
507 2660 641 2727 armatis
661 2661 733 2726 fuit.
774 2663 928 2747 exigebat
946 2663 1008 2726 boc
1028 2684 1155 2749 quoque
1174 2663 1232 2727 illa
1250 2665 1345 2745 gulae
1360 2699 1386 2732 so

330 2751 597 2838 intemperantis,
628 2754 664 2814 ut
691 2754 723 2814 et
746 2751 872 2835 lepores
896 2752 1125 2837 saginarentur
1148 2757 1230 2816 tosto
1253 2751 1345 2818 Vnu-

330 2859 439 2924 uonn,
467 2843 521 2926 qui
550 2857 598 2904 ou
628 2856 711 2903 soni
736 2857 896 2905 evonant
920 2858 1024 2906 niuno
1049 2859 1177 2905 'suario
1206 2864 1278 2906 cum
1307 2844 1346 2906 dc

331 2930 495 3015 leporibus
524 2929 710 3011 loqueretur
738 2928 784 2992 sio
813 2929 952 2993 sithoc
977 2949 1125 3015 quoque
1148 2952 1267 3012 nuper
1290 2931 1344 2993 iu·

330 3018 528 3097 stitutum,
568 3020 610 3079 ut
651 3016 939 3100 saginarentur,
983 3039 1064 3080 cunr
1106 3022 1286 3100 exceptos
1328 3041 1344 3082 e

405 3234 437 3283 lo
453 3226 551 3298 fragm.
567 3242 604 3281 or.
619 3225 699 3279 llorn.
715 3224 749 3277 cd
764 3223 860 3293 Meyer
874 3224 1028 3294 (Duobner)
1043 3242 1069 3293 p.
1087 3229 1136 3280 los
1173 3227 1310 3295 2311112,
1328 3233 1343 3288 t

404 3410 417 3459 l
437 3407 549 3458 eruntra
567 3403 594 3457 Β
681 3408 696 3454 2
717 3400 938 3457 flamrnrcssss
958 3402 986 3456 P
1069 3420 1138 3497 cpna
1160 3403 1192 3471 P,
1212 3420 1299 3460 caena
1317 3406 1345 3459 B

331 3484 347 3534 8
366 3481 503 3550 nuteopnt
522 3475 583 3546 BP,
602 3473 759 3528 aulococna
777 3473 929 3529 ‚talrraosius
948 3477 984 3528 ad
1003 3476 1052 3530 uit.
1074 3476 1208 3529 (sardion.
1228 3479 1286 3531 iuss.
1306 3485 1343 3532 21

330 3547 529 3634 tiphondrlol
546 3548 574 3599 P
628 3552 644 3599 t
684 3545 947 3599 atinaexostroan'r
965 3545 1178 3615 BPcm.uslpo
1233 3549 1344 3616 opula-

330 3622 377 3676 nol
393 3619 490 3689 nigros
504 3615 539 3672 B'
595 3625 610 3674 7
631 3563 792 3686 splouddos
803 3617 829 3668 Ρ
881 3616 1085 3704 glpcomerides
1106 3618 1132 3670 J.
1149 3616 1299 3674 (lothorius
1312 3621 1345 3674 dc

329 3694 392 3749 iisse
407 3691 552 3762 pontificio
572 3690 593 3744 I
610 3693 650 3745 26
706 3695 722 3743 Β
740 3687 870 3742 ficedulas
888 3688 913 3741 1¹
981 3686 1164 3758 capragineos
1181 3690 1228 3744 uel
1246 3708 1344 3760 capru-

330 3764 411 3835 ginos
430 3762 513 3819 Salsu.
532 3778 617 3817 exere
634 3760 710 3814 Plio.
721 3777 751 3829 p.
767 3763 824 3814 323
838 3779 864 3815 a.
881 3758 921 3812 G:
941 3759 1106 3829 capragines
1121 3759 1180 3814 BP
1232 3768 1279 3815 9a
1300 3781 1344 3816 ru-

329 3852 416 3907 gnum
431 3831 466 3889 ll
503 3833 596 3888 altilia
611 3832 633 3886 b
647 3832 723 3903 falna
735 3831 862 3886 inuoluta
878 3837 882 3898 Ι
899 3831 1024 3886 sedulas·
1036 3830 1140 3902 matildi
1155 3781 1342 3903 purpurei-11

330 3923 401 3963 cono
419 3906 527 3960 luminu
542 3908 547 3974 Ι
564 3902 851 3974 sinciput-apuleam
870 3904 934 3957 odd.
954 3903 1013 3957 Bo:
1037 3904 1083 3956 sod
1105 3909 1203 3957 resecto
1221 3908 1345 3973 otauniae

330 3979 435 4048 olmot
450 3978 588 4032 litterulas
605 3977 746 4044 perierunt
799 3979 849 4054 ,10
868 3980 892 4029 et
913 3978 944 4027 14
964 3990 1034 4045 epus
1055 3974 1082 4024 1¹
1151 3981 1181 4027 12
1201 3975 1293 4029 anses
1308 3974 1344 4030 B'

333 4047 614 4174 lielWiilusP
631 4044 862 4183 1s¹i1⁶llii¹ls
891 4059 995 4168 “miia
1009 4042 1111 4168 w
1128 4052 1201 4167 nm
1220 4046 1347 4169 libuli,

399 4134 486 4172 roiam
682 4132 725 4168 ιι
799 4132 815 4166 o
1005 4132 1021 4167 u
1083 4132 1107 4169 u.
1319 4134 1345 4170 rc

331 4185 493 4245 occult
