3322 5190
324 833 393 900 408
707 823 784 879 sm.
803 819 972 878 mamm

329 995 564 1078 Hermogenen
596 991 783 1070 ceterosque
811 986 863 1050 his
891 985 1027 1069 similes,
1058 987 1193 1051 uerbum
1220 987 1345 1052 nullam

278 1077 319 1143 14
329 1085 394 1152 nisi
423 1076 659 1166 philosophum
688 1075 797 1138 scutit
843 1078 877 1138 at
900 1095 976 1138 uero
1003 1073 1129 1139 Alcinoi
1153 1079 1186 1140 et
1208 1073 1345 1140 Didonis

330 1193 459 1254 mensa,
489 1164 583 1252 quasi
612 1163 690 1227 solis
719 1168 796 1247 apta
823 1161 961 1243 deliciis,
990 1162 1105 1227 habuit
1129 1161 1209 1228 haec
1231 1162 1345 1249 Iopam

329 1261 388 1327 ille
411 1254 649 1340 Polyphemum
678 1251 804 1315 cithara
830 1256 995 1327 canentes,
1023 1271 1081 1314 uec
1104 1249 1237 1315 deerant
1260 1253 1345 1337 apud

329 1348 508 1415 Alcinoum
532 1341 707 1407 saltatores
730 1339 802 1420 uiri,
825 1342 859 1402 et
882 1337 966 1423 apud
991 1337 1149 1402 Didonem
1171 1337 1275 1403 Bitias
1298 1340 1346 1405 sic
1374 1357 1388 1398 s

330 1434 487 1502 hauriens
512 1449 647 1504 merum,
670 1431 707 1490 ut
729 1448 764 1491 se
787 1430 893 1489 totum
917 1426 1079 1508 superflua
1101 1426 1169 1489 eius
1193 1426 1346 1490 effiuione

356 1520 511 1586 solueret.
552 1534 661 1577 norme
685 1513 786 1593 siquis
810 1517 867 1575 aut
890 1512 974 1575 iuter
993 1511 1157 1576 Phaeacas
1180 1517 1237 1574 aut
1260 1512 1345 1594 apud

331 1543 461 1674 i'oeuoe
504 1620 668 1667 sermones
704 1599 743 1662 de
781 1597 942 1681 sapientia
979 1603 1087 1663 erutos
1124 1598 1345 1663 conuiualibus

332 1693 455 1761 fabulis
488 1687 686 1768 miscuisset,
723 1691 757 1749 et
787 1687 928 1770 gretiam
959 1687 1023 1751 illis
1056 1688 1201 1752 coetibus
1233 1690 1345 1771 aptam

334 1780 485 1869 perderet
508 1783 542 1842 et
565 1781 597 1839 iu
622 1796 656 1839 se
680 1774 780 1838 risum
804 1775 899 1858 plane
918 1775 1040 1839 iustum
1060 1775 1224 1840 moueret?
1266 1796 1344 1861 ergo
1360 1794 1387 1834 10

283 1861 443 1958 lbprimn
462 1866 530 1930 elue
550 1862 735 1926 obseruatio
755 1862 817 1927 erit
835 1864 1007 1928 aestimare
1026 1865 1189 1928 conuiuas.
1230 1863 1345 1929 deiude

336 1955 392 2024 abi
417 1953 480 2019 sibi
504 1953 611 2018 locum
635 1954 745 2034 patere
768 1951 898 2033 uiderit,
925 1973 990 2016 uon
1015 1951 1053 2016 de
1077 1952 1157 2036 ipsis
1180 1951 1344 2036 profundi-

337 2044 419 2113 tatis
442 2062 520 2108 suae
544 2039 677 2105 secretis
701 2039 786 2105 iuter
808 2040 924 2125 pocula
946 2041 1106 2126 loquetur,
1129 2063 1187 2106 uec
1205 2041 1345 2107 nodosas

336 2137 370 2201 et
393 2131 506 2199 aurias
530 2128 585 2194 sed
604 2128 700 2193 utiles
720 2127 859 2214 quidem,
883 2130 994 2195 faciles
1013 2135 1121 2196 tamen
1140 2131 1346 2215 quaestiones

285 2212 491 2291 ltnoucbit.
542 2240 618 2282 nam
646 2217 732 2283 sieut
759 2219 844 2282 iuter
871 2218 960 2303 illos,
988 2222 1043 2305 qui
1072 2221 1217 2285 exercitii
1244 2242 1345 2305 genus
1361 2238 1387 2279 1⁶

336 2309 460 2381 liabent
479 2309 513 2372 in
533 2307 646 2371 mediis
666 2306 788 2371 saltare
805 2308 975 2392 conuiuiis,
993 2309 1094 2394 siquis
1109 2314 1145 2373 ut
1159 2332 1193 2374 se
1208 2311 1346 2394 amplius

335 2400 483 2467 exerceat
519 2395 570 2459 uel
608 2394 648 2460 ad
686 2417 814 2460 cursum
849 2397 899 2461 uel
933 2396 973 2461 ad
1006 2398 1188 2483 pugilatum
1222 2398 1347 2464 sodales

336 2485 550 2562 lacessiuerit,
588 2483 680 2568 quasi
712 2484 842 2569 ineptus
875 2485 1072 2569 relegabitur
1104 2487 1145 2550 ab
1178 2487 1347 2553 alacritate

335 2572 503 2657 eerrsortii,
526 2572 573 2636 sic
595 2572 680 2657 apud
701 2594 856 2656 mensam,
880 2574 1010 2658 quaudo
1030 2575 1115 2658 licet,
1138 2575 1223 2659 aptis
1242 2575 1345 2659 philo·

336 2685 373 2732 eo
389 2660 540 2728 »trandum
570 2669 633 2744 est,
662 2664 699 2724 ut
726 2661 843 2725 crateri
872 2662 1007 2746 liquoris
1031 2665 1070 2728 ad
1095 2665 1253 2729 laetitiam
1277 2668 1346 2732 arati
1361 2682 1388 2721 2⁰

336 2752 374 2820 ad
391 2751 525 2818 libentur·
549 2773 615 2814 nou
639 2750 734 2815 modo
755 2749 981 2837 Nympharum
1006 2755 1061 2818 sed
1081 2754 1246 2820 Musarum
1270 2779 1347 2841 que·

289 2835 398 2932 lique
423 2840 621 2909 admixtione
645 2843 827 2922 temperies.
873 2865 949 2906 uum
974 2844 1014 2923 si,
1042 2848 1077 2908 ut
1101 2846 1193 2909 lateri
1218 2868 1347 2913 neeesse

336 2937 399 3015 ert,
428 2932 460 2996 iu
489 2931 577 2995 curui
602 2936 763 2994 conuentu
788 2934 844 2994 aut
867 2933 1038 2996 tacendum
1064 2939 1113 2997 est
1136 2941 1193 2998 aut
1216 2935 1347 3019 loquen-

336 3021 421 3099 dum,
438 3040 640 3103 ‹lucrerumus,
655 3019 865 3082 silentiumne
880 3021 1038 3083 conuiuiis
1052 3044 1092 3084 au
1104 3026 1137 3083 et
1147 3028 1346 3104 opportunus

336 3128 441 3173 aerius
466 3107 645 3169 conueniet.
684 3129 757 3168 nam
783 3107 810 3169 si
834 3107 919 3171 sicut
942 3108 1026 3190 apud
1050 3109 1197 3171 Athenas
1220 3110 1345 3175 Atticas
1360 3126 1386 3165 2⁵

340 3192 554 3279 drumpagitue
588 3199 732 3257 tacentes
755 3194 912 3275 iudicant,
940 3196 987 3258 ita
1009 3195 1094 3259 iuter
1118 3197 1228 3278 epulas
1253 3221 1344 3280 opor-

337 3287 384 3348 tet
414 3303 538 3365 surrepat
571 3282 671 3364 sileri,
705 3305 770 3346 non
802 3287 851 3344 est
883 3282 970 3345 ultra
1001 3284 1231 3365 quaerendum,
1264 3286 1347 3350 iuter

338 3392 465 3437 tereremus
489 3368 783 3454 philosophandum
807 3390 906 3433 necue
931 3371 982 3433 sit.
1021 3372 1048 3433 si
1075 3395 1150 3435 uero
1170 3395 1234 3436 uon
1254 3380 1347 3438 eruut

337 3465 425 3527 territe
453 3458 616 3541 ccrrmiuia,
645 3481 701 3522 our
728 3457 785 3521 ubi
814 3480 920 3522 sermo
949 3461 1162 3543 permittitur,
1190 3461 1345 3526 honestus

336 3571 441 3617 torrere
479 3546 683 3632 prohibetur,
719 3548 857 3611 maxime
895 3570 967 3612 cum
1004 3570 1070 3612 nou
1108 3549 1215 3613 miuus
1248 3567 1386 3635 qrramw

288 3631 324 3696 lll
337 3635 470 3704 ilulucule
487 3635 554 3699 uiui
570 3634 711 3699 lrilareut
726 3636 825 3700 uerba
840 3637 1048 3701 conuiuium?
1080 3659 1155 3702 uam
1171 3641 1198 3704 si
1213 3638 1345 3705 Homeri

410 3872 418 3921 l
441 3879 610 3934 orrrrogcueu
631 3865 658 3918 P
746 3865 944 3934 lpolrphemu
964 3869 998 3936 P,
1021 3867 1227 3922 Demodochum
1255 3870 1344 3923 Carere-

334 3977 427 4033 ruciua
492 3971 633 4043 'lpllpcas
648 3972 675 4025 P
736 3954 877 4042 Speoniil
891 3974 919 4026 P
979 3975 1139 4029 seoetrhul
1155 4007 1186 4015 -
1210 3983 1241 4029 10
1261 3979 1344 4029 rrl'um

334 4066 383 4104 ura
408 4046 437 4115 l',
456 4046 520 4101 uriel.
542 4042 777 4112 Curetubripieusis
836 4052 869 4097 19
888 4045 1010 4098 mensam
1024 4064 1074 4101 om.
1095 4044 1130 4100 P'
1194 4055 1226 4101 ‘21
1247 4048 1342 4116 niphal

335 4128 365 4175 m
389 4116 412 4171 l'
465 4114 587 4169 sesicut
610 4114 635 4165 P
688 4114 926 4187 ttloquendiasl
949 4117 976 4168 P
1029 4123 1062 4169 25
1082 4117 1126 4172 Ne
1146 4117 1165 4171 [ι
1185 4123 1216 4172 ut
1230 4118 1305 4188 apud
1321 4119 1348 4171 P

335 4195 368 4245 stt
389 4186 514 4242 tunsurus
530 4201 579 4241 oua
598 4184 636 4237 Ρι
