3322 5190
326 840 392 907 328
726 841 805 898 SA'P.
822 839 920 896 naar
939 840 963 897 V

327 1008 364 1068 ut
382 1003 547 1070 Achelous
571 1025 739 1069 commune
762 1004 867 1069 omnis
891 1023 994 1086 aquae
1015 1024 1134 1069 nomen
1155 1002 1338 1087 haberetur,

327 1097 437 1157 tamen
468 1092 520 1157 his
553 1113 681 1177 quoque
712 1092 811 1158 etiam
839 1091 1022 1157 Evmrrnrs
1050 1091 1248 1156 nobilissimi
1274 1096 1338 1156 tra·

351 1178 517 1244 oediarurn
545 1179 713 1264 scriptoris
741 1179 879 1246 addetur
907 1179 1097 1264 auctoritas,
1125 1201 1223 1263 quam
1252 1177 1338 1243 idern

327 1199 489 1332 Hrurnvs
535 1267 769 1352 grammaticus
814 1268 848 1332 in
894 1267 947 1331 bis
993 1267 1085 1332 libris
1127 1289 1207 1352 quos
1250 1290 1338 1350 rpor-

327 1352 580 1442 γῳδουμίνης
629 1352 769 1433 λέξεως
814 1356 946 1439 scripsit
986 1354 1096 1439 posuit
1137 1355 1187 1419 his
1229 1355 1379 1419 uerbisa

277 1439 486 1529 12Ἀχελῷον
517 1452 585 1508 πᾶν
616 1443 710 1524 ὕδωρ
742 1443 926 1527 Εὐριπίδης
957 1441 1061 1527 φησὶν
1092 1442 1129 1508 ἐν
1157 1439 1340 1525 Ὑψιπύλη.

327 1527 434 1612 λέγων
469 1531 534 1612 γὰρ
569 1528 644 1616 περὶ
683 1531 802 1606 ὕδατος
839 1532 934 1605 ὄντος
971 1531 1101 1614 σφόδρα
1137 1532 1250 1613 πόρρω
1283 1538 1341 1612 τῆς

324 1612 556 1701 Ἀκαρνανίας,
579 1616 616 1683 ἐν
640 1611 661 1703 ᾗ
683 1617 775 1683 ἐστιν
798 1618 816 1683 ὁ
839 1619 983 1702 ποταμὸς
1002 1612 1177 1705 Ἁχελῷος,
1200 1620 1304 1701 φησίν

374 1739 469 1818 δείξω
493 1737 554 1825 μὲν
574 1737 772 1827 Ἀργείοισιν
791 1737 954 1829 Ἀχελῴου
978 1741 1069 1826 ῥόον.

278 1865 320 1930 13
420 1861 503 1929 Sunt
525 1864 559 1928 iu
582 1864 665 1928 libro
690 1865 829 1947 septimo
853 1863 902 1929 illi
926 1885 1048 1945 uersus,
1071 1863 1187 1947 quibus
1206 1862 1340 1928 Hernici
1356 1889 1381 1928 ro

330 1951 442 2037 populi
475 1955 509 2016 et
541 1971 651 2016 eorum
681 1950 898 2036 nobilissima,
913 1955 967 2038 vut
999 1956 1078 2017 tunc
1109 1955 1191 2034 erat,
1224 1952 1341 2016 ciuitas

330 2039 484 2125 Anagnia
506 2043 734 2105 enumerantur

544 2186 625 2252 quos
648 2164 739 2231 diues
763 2164 915 2250 Anagnia
937 2165 1042 2250 pascit

375 2276 456 2338 quos
479 2255 642 2319 Amasene
665 2259 767 2338 pater.
811 2274 878 2318 non
901 2254 966 2318 illis
989 2254 1138 2318 omnibus
1161 2276 1254 2318 arma

376 2364 435 2407 uec
458 2342 555 2426 clipei
579 2364 733 2407 currusue
757 2345 891 2425 sonant,
915 2363 990 2426 pars
1014 2343 1154 2408 maxima
1177 2343 1306 2428 glandis
1357 2368 1382 2408 ιι

376 2431 509 2495 liuentis
534 2429 658 2514 plumbi
683 2430 822 2516 spargit,
845 2451 921 2514 pars
945 2430 1070 2513 spicula
1093 2435 1201 2512 gestat

376 2518 454 2584 bina
477 2541 576 2584 manu
599 2519 769 2605 t'uluosque
792 2516 859 2602 lupi
883 2518 922 2584 de
947 2519 1030 2604 pelle
1054 2520 1181 2605 galeros

376 2612 509 2693 tegmen
533 2607 657 2672 habent
679 2608 778 2691 capiti
784 2657 793 2692 ,
817 2608 956 2693 uestigia
978 2607 1067 2673 rrurla
1089 2607 1214 2673 sinistri

377 2697 548 2760 instituere
572 2696 677 2782 pedis,
700 2696 817 2761 crudus
841 2697 924 2781 tegit
947 2697 1050 2760 altera
1073 2718 1160 2780 pero.

283 2822 323 2886 14
336 2821 418 2885 hunc
446 2843 570 2884 morem
598 2821 633 2884 in
657 2821 754 2885 ltalia
782 2819 896 2901 luisse,
924 2825 961 2884 ut
989 2843 1053 2884 uuo
1083 2821 1164 2905 pedo
1194 2821 1385 2904 calceato,ro

335 2910 436 2974 altero
465 2909 551 2972 nudo
581 2909 683 2972 iretur
711 2910 752 2973 ad
782 2909 918 2986 bellum,
949 2931 1108 2991 nusquam
1133 2910 1236 2973 adhuc
1259 2912 1344 2992 quod

335 2995 434 3058 sciam
465 2995 606 3077 repperi,
639 2995 695 3058 sed
724 3018 795 3059 eam
825 2994 1022 3058 Graecorum
1051 3017 1115 3058 non
1144 2995 1241 3058 nullis
1270 3018 1344 3060 con-

336 3081 538 3145 suetudinem
562 3081 662 3145 fuisse
683 3082 836 3163 locupleti
856 3086 988 3145 anctore
1007 3084 1072 3144 iam
1092 3081 1199 3164 palam
1219 3082 1345 3147 facium.

285 3168 325 3232 15
336 3167 371 3230 in
390 3190 453 3252 qua
468 3169 597 3253 quidem
612 3190 646 3231 re
661 3169 770 3232 mirari
787 3173 836 3232 est
851 3174 966 3251 poetae
979 3169 1075 3232 huius
1091 3169 1345 3233 occultissimam

337 3255 552 3342 diligentiam.
596 3258 650 3340 qui
679 3278 750 3321 cum
779 3257 912 3342 legisset
935 3256 1105 3341 Hernicos,
1134 3280 1270 3342 quorum
1295 3264 1385 3324 estes

338 3345 501 3429 Anagnia,
535 3368 554 3410 a
586 3344 733 3431 Pelasgis
767 3346 934 3430 oriundos,
967 3346 1210 3429 appellatasque
1244 3349 1291 3411 itu
1327 3372 1346 3411 a

337 3435 476 3519 quodam
496 3434 636 3519 Pelasgo
660 3436 740 3499 duce
760 3457 829 3516 suo,
853 3437 907 3519 qui
926 3434 1085 3499 Hernicus
1105 3435 1346 3520 nominabatur,

337 3545 469 3606 morem,
492 3545 587 3607 quem
612 3523 650 3588 de
672 3523 803 3589 Aetolia
826 3524 959 3608 legerat,
982 3522 1130 3587 Hernicis
1154 3524 1346 3608 adsignauit,

288 3611 327 3674 16
339 3612 394 3694 qui
432 3616 509 3675 suut
545 3618 639 3676 uetus
672 3613 799 3677 colonia
832 3611 1050 3696 Pelasgorum.
1107 3616 1139 3675 et
1171 3611 1347 3677 Hernicum

410 3804 544 3876 llfragru.
564 3805 627 3860 Eur.
647 3804 689 3861 cul.
709 3803 808 3859 Nauck
829 3810 880 3860 753
937 3812 968 3858 13
991 3805 1071 3875 Verg.
1092 3805 1160 3860 Aen.
1180 3804 1229 3859 Vll
1250 3809 1302 3859 684

797 3932 814 3980 ι)

407 3983 608 4038 tdrdrmulP
659 3990 674 4037 ’ί
693 3932 810 4051 morri)
823 3983 956 4037 ΤΗο(Ρ
1008 3990 1037 4037 11
1054 3983 1351 4055 eoislnobrlrlsrmrP

339 4062 371 4110 12
390 4071 494 4125 anagnu
513 4060 710 4110 enumerantur
728 4054 755 4108 P
825 4062 856 4108 tl
879 4054 971 4109 adhuc
988 4071 1039 4109 orn.
1059 4053 1093 4107 P'
1169 4062 1203 4108 25
1223 4057 1346 4125 dulegcn·

337 4130 379 4180 tra
399 4124 435 4179 P'
509 4133 544 4181 26
564 4125 677 4179 orrudol
695 4121 732 4178 P'
805 4124 969 4194 apellatosq.
989 4127 1017 4178 P
1086 4132 1119 4179 ‘27
1140 4126 1234 4193 quoda
1253 4142 1303 4180 ona
1322 4126 1350 4178 P

337 4201 371 4250 28
390 4195 489 4271 &liuha
510 4197 537 4251 P
587 4203 620 4252 29
641 4197 744 4251 colrnra
762 4192 797 4249 F
