3322 5190
307 810 375 877 520
697 809 772 866 ΕΔΤ.
791 810 889 866 LIBRI
909 810 932 863 V

307 972 428 1056 iugalis
450 992 517 1036 uon
539 971 736 1056 ignorantes,
758 971 879 1036 bellum
901 973 1029 1057 generis
1048 972 1171 1036 domini
1190 976 1320 1056 oporte

275 1061 366 1128 suat
388 1058 515 1125 inferre.
561 1059 638 1144 quid
662 1058 785 1143 igitur?
828 1058 960 1124 deorum
984 1060 1128 1123 maxima
1151 1059 1320 1125 deducitur

307 1167 325 1212 e
348 1147 448 1231 caclo,
471 1150 505 1212 et
527 1147 670 1212 maxima
692 1146 862 1212 dunarum
886 1147 926 1213 de
949 1146 1094 1212 Tartesia
1118 1148 1320 1233 adsciscitur,

308 1241 506 1323 sparguntur
533 1257 656 1322 angues
679 1237 771 1303 uelut
793 1236 827 1302 iu
851 1258 968 1302 scaena
991 1236 1208 1322 parturientes
1231 1237 1320 1302 furo·

307 1347 390 1411 rem,
418 1327 531 1411 regina
561 1347 627 1391 nou
661 1328 765 1393 solum
797 1327 836 1391 de
868 1327 1088 1411 penetralibus
1117 1328 1320 1393 reuerentiae
1346 1359 1359 1400 ι

308 1415 500 1481 matronalis
523 1416 677 1501 educitur,
699 1415 754 1481 sed
774 1420 807 1481 et
824 1437 881 1500 per
900 1415 1013 1481 urbem
1033 1417 1173 1482 mediam
1191 1418 1321 1502 cogitur

307 1503 414 1569 facere
436 1503 610 1590 discursus,
632 1525 692 1569 uec
715 1504 778 1569 hoc
800 1507 953 1569 contenta
975 1504 1077 1569 siluas
1100 1507 1184 1589 petit
1206 1505 1321 1571 accitis

307 1591 441 1677 reliquis
478 1593 637 1657 matribus
675 1592 708 1657 iu
740 1591 927 1657 societatem
959 1593 1088 1657 furoris.
1141 1592 1321 1658 bacchatur

308 1680 425 1745 chorus
454 1680 616 1766 quondam
643 1680 776 1765 pudicus
798 1684 832 1744 et
855 1681 947 1766 orgia
969 1681 1086 1745 insana
1107 1681 1321 1746 celebrantur.

278 1767 389 1852 4quid
421 1766 538 1853 plura?
587 1768 773 1834 maluissem
806 1767 970 1833 Maronem
1003 1773 1037 1833 et
1067 1769 1102 1832 in
1134 1769 1197 1833 bac
1228 1775 1321 1853 parte
1335 1801 1360 1840 ιι

310 1855 395 1939 apud
424 1860 588 1921 auctorem
617 1878 712 1921 suum
738 1856 791 1920 uel
815 1856 900 1940 apud
922 1857 1101 1940 quemlibet
1123 1855 1319 1921 Graecorum

310 1942 409 2006 alium
438 1942 524 2027 quod
552 1948 740 2026 sequeretur
762 1944 921 2008 babuisse.
968 1945 1085 2008 alium
1108 1965 1174 2007 non
1197 1945 1320 2007 frustra

309 2028 385 2112 dixi,
408 2032 484 2114 quia
507 2052 573 2095 non
596 2031 635 2095 de
658 2032 752 2096 unius
775 2032 911 2096 racemis
934 2031 1132 2096 uindemiam
1152 2031 1215 2096 sibi
1233 2030 1320 2113 fecit,

309 2118 365 2182 sed
389 2116 469 2182 boue
492 2118 525 2184 in
548 2139 616 2184 rem
640 2140 732 2183 suam
754 2120 856 2183 uertit
877 2118 1031 2203 quidquid
1057 2120 1250 2201 ubicumque
1272 2118 1319 2182 in·

308 2205 399 2271 uenit
411 2206 605 2271 imitandum
619 2207 708 2290 adeo,
723 2211 759 2271 ut
774 2207 812 2270 de
827 2208 1158 2272 Aneonsvmcouvu
1170 2223 1320 2290 ovsaro,
1336 2237 1360 2277 ιι

309 2315 444 2376 quorum
478 2294 616 2378 scriptor
647 2299 698 2358 est
730 2295 974 2379 Auouuorllvu,
1006 2294 1125 2359 librum
1160 2295 1321 2359 Aeneidos

309 2402 386 2446 suae
417 2387 569 2465 quartum
602 2387 709 2447 totum
741 2404 844 2466 paene
876 2382 1066 2446 l'ormaucrit
1092 2381 1133 2446 ad
1161 2381 1320 2446 Didonem

308 2469 360 2533 uel
389 2470 521 2535 Aenean
555 2471 746 2535 amatorium
780 2470 1047 2536 incontinentiam
1075 2469 1207 2535 Medeae
1236 2471 1322 2536 circa

278 2556 461 2630 blasonem
494 2558 727 2625 transferendo.
777 2559 863 2644 quod
897 2560 943 2624 ita
975 2559 1156 2645 elegantius
1189 2564 1321 2624 auctore

309 2647 457 2733 digessit,
484 2654 522 2713 ut
548 2649 660 2713 fabula
682 2648 883 2714 lasciuientis
905 2646 1057 2734 Didonis,
1083 2670 1181 2732 quam
1204 2648 1361 2718 falsantes

308 2736 402 2802 uouit
423 2739 629 2822 uniuersitas,
653 2761 710 2822 per
733 2742 784 2803 tot
805 2743 913 2803 tamen
932 2737 1061 2803 saecula
1080 2738 1219 2824 speciem
1238 2740 1320 2803 ueri-

309 2827 387 2892 tatis
412 2827 568 2908 obtiusat,
591 2835 624 2890 ct
642 2829 689 2892 itu
708 2850 766 2911 pro
786 2850 863 2892 uero
883 2850 941 2911 per
959 2850 1017 2891 oua
1036 2830 1177 2892 orrrrrium
1197 2828 1322 2910 uolitet,

309 2919 346 2978 ut
369 2916 510 3000 pictores
533 2917 735 3001 fictoresque,
757 2924 790 2980 at
813 2916 867 3000 qui
891 2917 1055 3001 figmentis
1078 2917 1225 2980 liciorum
1248 2938 1322 2981 con·

310 3007 416 3068 textas
445 3005 615 3069 imitantur
640 3006 778 3089 effigies,
806 3004 866 3068 huc
889 3006 1026 3069 materia
1049 3004 1099 3068 uel
1124 3007 1262 3069 maxime
1288 3006 1321 3068 iu

311 3090 495 3175 effigiandis
511 3092 691 3157 simulacris
706 3099 871 3177 tamquam
886 3095 980 3157 unico
993 3099 1185 3175 argumento
1196 3093 1321 3157 decoris
1335 3123 1361 3162 ss

311 3184 456 3259 utantur,
484 3203 541 3246 nec
569 3183 674 3246 minus
702 3183 897 3246 histrionum
929 3183 1092 3266 perpetuis
1116 3189 1149 3244 et
1171 3183 1320 3266 gestibus

279 3274 344 3340 6et
379 3271 530 3335 cautibus
566 3271 754 3335 celebretur.
809 3274 935 3336 tautum
974 3270 1077 3335 ualuit
1111 3270 1319 3354 pulchritudo

309 3359 473 3442 narrandi,
497 3363 533 3423 ut
556 3381 667 3424 omnes
693 3359 889 3423 Phoenissae
913 3360 1076 3424 castitatis
1100 3359 1233 3442 conscii,
1259 3382 1320 3424 nec

310 3446 416 3530 ignari
447 3469 579 3513 manum
612 3449 675 3513 sibi
707 3447 856 3512 iniecisse
889 3449 1048 3533 reginam,
1080 3468 1120 3511 ne
1154 3453 1321 3531 pateretur

310 3591 521 3600 ...—--———---

382 3674 500 3745 av0rg.
519 3675 587 3731 aon.
607 3674 657 3731 vu
677 3680 737 3731 sae.
756 3681 808 3731 eso
880 3681 896 3728 s
916 3675 953 3731 ιι.
973 3674 1023 3730 vu
1043 3680 1102 3730 aaa.
1122 3678 1173 3728 ιιι
1245 3673 1320 3730 ιιι.

310 3743 362 3798 VII
381 3751 441 3801 846.
461 3750 513 3801 tto

310 3874 522 3883 —-.--—.....

382 3958 531 4012 badillart
552 3960 580 4012 P
636 3959 752 4013 siccus
769 3960 797 4012 P
853 3959 1090 4015 emediusrrs
1105 3961 1110 4029 Ι
1126 3960 1153 4012 Ρ
1204 3961 1321 4028 cogetur

309 4029 367 4082 nisi
383 4028 469 4094 fallor
487 4029 516 4083 P
580 4030 722 4083 Bbachai
740 4029 768 4083 P
833 4036 866 4082 14
885 4030 1018 4098 quicquid
1037 4031 1065 4083 P
1135 4036 1167 4083 lt
1186 4029 1325 4098 argolico)

310 4103 411 4165 quarte
430 4099 457 4151 P
525 4105 557 4152 18
577 4102 750 4153 coulmenba
767 4100 795 4153 P
856 4107 890 4154 24
909 4101 1067 4169 effigiandis
1086 4100 1243 4155 Pmuurraa:
1262 4100 1320 4154 effi·

309 4167 422 4238 grandis
436 4169 464 4223 P
533 4175 567 4224 tt
586 4169 760 4227 simulamur
776 4171 802 4224 P
867 4176 902 4225 88
921 4170 1018 4244 squilla
1037 4170 1065 4223 P
