<?xml version="1.0" encoding="UTF-8"?>
<!DOCTYPE html PUBLIC "-//W3C//DTD XHTML 1.0 Transitional//EN"
    "http://www.w3.org/TR/xhtml1/DTD/xhtml1-transitional.dtd">
<html xmlns="http://www.w3.org/1999/xhtml" xml:lang="en" lang="en">
 <head>
  <title>
</title>
<meta http-equiv="Content-Type" content="text/html;charset=utf-8" />
  <meta name='ocr-system' content='tesseract 3.04.00' />
  <meta name='ocr-capabilities' content='ocr_page ocr_carea ocr_par ocr_line ocrx_word'/>
</head>
<body>
  <div class='ocr_page' id='page_1' title='image "./macrobius00cicegoog_0044.png"; bbox 0 0 3322 5190; ppageno 0'>
   <div class='ocr_carea' id='block_1_1' title="bbox 680 814 1322 881">
    <p class='ocr_par' dir='ltr' id='par_1_1' title="bbox 680 814 1322 881">
     <span class='ocr_line' id='line_1_1' title="bbox 680 814 1322 881; baseline -0.002 -13"><span class='ocrx_word' id='word_1_1' title='bbox 680 814 719 868; x_wconf 90' lang='lat' dir='ltr'><strong>VI</strong></span> <span class='ocrx_word' id='word_1_2' title='bbox 737 819 772 868; x_wconf 75' lang='grc'><strong>80</strong></span> <span class='ocrx_word' id='word_1_3' title='bbox 799 815 853 870; x_wconf 84' lang='lat' dir='ltr'><strong>Vll</strong></span> <span class='ocrx_word' id='word_1_4' title='bbox 873 819 942 869; x_wconf 79' lang='lat' dir='ltr'><strong>1-a</strong></span> <span class='ocrx_word' id='word_1_5' title='bbox 1110 868 1115 878; x_wconf 71' lang='grc'>,</span> <span class='ocrx_word' id='word_1_6' title='bbox 1277 816 1322 881; x_wconf 80' lang='grc'><strong>29</strong></span> 
     </span>
    </p>
   </div>
   <div class='ocr_carea' id='block_1_2' title="bbox 309 974 1322 1062">
    <p class='ocr_par' dir='ltr' id='par_1_2' title="bbox 309 974 1322 1062">
     <span class='ocr_line' id='line_1_2' title="bbox 309 974 1322 1062; baseline 0 -19"><span class='ocrx_word' id='word_1_7' title='bbox 309 976 449 1056; x_wconf 88' lang='lat' dir='ltr'><strong>ualidus,</strong></span> <span class='ocrx_word' id='word_1_8' title='bbox 475 976 531 1061; x_wconf 90' lang='lat' dir='ltr'><strong>qui</strong></span> <span class='ocrx_word' id='word_1_9' title='bbox 558 979 635 1060; x_wconf 92' lang='lat' dir='ltr'><strong>post</strong></span> <span class='ocrx_word' id='word_1_10' title='bbox 659 974 846 1041; x_wconf 89' lang='lat' dir='ltr'><strong>innumeras</strong></span> <span class='ocrx_word' id='word_1_11' title='bbox 870 976 956 1043; x_wconf 84' lang='lat' dir='ltr'><strong>inter</strong></span> <span class='ocrx_word' id='word_1_12' title='bbox 977 978 1106 1062; x_wconf 81' lang='lat' dir='ltr'>pugiles</span> <span class='ocrx_word' id='word_1_13' title='bbox 1129 977 1258 1061; x_wconf 85' lang='lat' dir='ltr'><strong>palmas</strong></span> <span class='ocrx_word' id='word_1_14' title='bbox 1282 977 1322 1043; x_wconf 92' lang='lat' dir='ltr'><strong>ad</strong></span> 
     </span>
    </p>
   </div>
   <div class='ocr_carea' id='block_1_3' title="bbox 280 1064 1363 3723">
    <p class='ocr_par' dir='ltr' id='par_1_3' title="bbox 280 1064 1363 3723">
     <span class='ocr_line' id='line_1_3' title="bbox 310 1064 1323 1155; baseline -0.001 -22"><span class='ocrx_word' id='word_1_15' title='bbox 310 1065 533 1155; x_wconf 83' lang='lat' dir='ltr'><strong>philosophiae</strong></span> <span class='ocrx_word' id='word_1_16' title='bbox 564 1064 672 1131; x_wconf 87' lang='lat' dir='ltr'><strong>studia</strong></span> <span class='ocrx_word' id='word_1_17' title='bbox 699 1067 868 1152; x_wconf 89' lang='lat' dir='ltr'><strong>migrauit,</strong></span> <span class='ocrx_word' id='word_1_18' title='bbox 900 1069 1086 1153; x_wconf 75' lang='lat' dir='ltr'><strong>sectamque</strong></span> <span class='ocrx_word' id='word_1_19' title='bbox 1114 1067 1323 1133; x_wconf 69' lang='lat' dir='ltr'><strong>Antisthenis</strong></span> 
     </span>
     <span class='ocr_line' id='line_1_4' title="bbox 310 1155 1322 1242; baseline 0 -19"><span class='ocrx_word' id='word_1_20' title='bbox 310 1162 339 1223; x_wconf 90' lang='lat' dir='ltr'><strong>et</strong></span> <span class='ocrx_word' id='word_1_21' title='bbox 352 1155 494 1223; x_wconf 70' lang='lat' dir='ltr'><strong>(tratetis</strong></span> <span class='ocrx_word' id='word_1_22' title='bbox 514 1159 611 1241; x_wconf 88' lang='lat' dir='ltr'><strong>atque</strong></span> <span class='ocrx_word' id='word_1_23' title='bbox 630 1155 732 1239; x_wconf 88' lang='lat' dir='ltr'><strong>ipsius</strong></span> <span class='ocrx_word' id='word_1_24' title='bbox 752 1155 911 1242; x_wconf 79' lang='lat' dir='ltr'><strong>Diogenis</strong></span> <span class='ocrx_word' id='word_1_25' title='bbox 931 1159 1061 1222; x_wconf 88' lang='lat' dir='ltr'><strong>secutus</strong></span> <span class='ocrx_word' id='word_1_26' title='bbox 1080 1157 1167 1222; x_wconf 84' lang='lat' dir='ltr'><strong>inter</strong></span> <span class='ocrx_word' id='word_1_27' title='bbox 1182 1156 1322 1242; x_wconf 79' lang='lat' dir='ltr'><strong>Cynicos</strong></span> 
     </span>
     <span class='ocr_line' id='line_1_5' title="bbox 308 1244 1354 1333; baseline 0.003 -21"><span class='ocrx_word' id='word_1_28' title='bbox 308 1269 371 1312; x_wconf 92' lang='lat' dir='ltr'><strong>non</strong></span> <span class='ocrx_word' id='word_1_29' title='bbox 399 1244 570 1311; x_wconf 82' lang='lat' dir='ltr'><strong>incelebris</strong></span> <span class='ocrx_word' id='word_1_30' title='bbox 598 1244 791 1311; x_wconf 89' lang='lat' dir='ltr'><strong>habebatur.</strong></span> <span class='ocrx_word' id='word_1_31' title='bbox 838 1245 892 1310; x_wconf 89' lang='lat' dir='ltr'><strong>sed</strong></span> <span class='ocrx_word' id='word_1_32' title='bbox 915 1245 1120 1333; x_wconf 78' lang='lat' dir='ltr'><strong>Euangelus,</strong></span> <span class='ocrx_word' id='word_1_33' title='bbox 1146 1250 1354 1332; x_wconf 85' lang='lat' dir='ltr'><strong>postquam4</strong></span> 
     </span>
     <span class='ocr_line' id='line_1_6' title="bbox 285 1334 1325 1421; baseline -0.004 -17"><span class='ocrx_word' id='word_1_34' title='bbox 285 1338 434 1404; x_wconf 83' lang='lat' dir='ltr'><strong>stantum</strong></span> <span class='ocrx_word' id='word_1_35' title='bbox 470 1337 598 1399; x_wconf 85' lang='lat' dir='ltr'><strong>coetum</strong></span> <span class='ocrx_word' id='word_1_36' title='bbox 631 1334 861 1421; x_wconf 82' lang='lat' dir='ltr'><strong>adsurgentem</strong></span> <span class='ocrx_word' id='word_1_37' title='bbox 893 1335 957 1400; x_wconf 91' lang='lat' dir='ltr'><strong>sibi</strong></span> <span class='ocrx_word' id='word_1_38' title='bbox 989 1336 1156 1421; x_wconf 85' lang='lat' dir='ltr'><strong>ingressus</strong></span> <span class='ocrx_word' id='word_1_39' title='bbox 1189 1336 1325 1402; x_wconf 80' lang='lat' dir='ltr'><strong>offendit</strong></span> 
     </span>
     <span class='ocr_line' id='line_1_7' title="bbox 309 1421 1324 1509; baseline -0.001 -19"><span class='ocrx_word' id='word_1_40' title='bbox 309 1422 464 1490; x_wconf 71' lang='lat' dir='ltr'><strong>‘cmusne’</strong></span> <span class='ocrx_word' id='word_1_41' title='bbox 488 1423 594 1508; x_wconf 92' lang='lat' dir='ltr'><strong>inquit</strong></span> <span class='ocrx_word' id='word_1_42' title='bbox 621 1421 694 1489; x_wconf 69' lang='lat' dir='ltr'><strong>‘hos</strong></span> <span class='ocrx_word' id='word_1_43' title='bbox 723 1445 835 1489; x_wconf 89' lang='lat' dir='ltr'><strong>omnes</strong></span> <span class='ocrx_word' id='word_1_44' title='bbox 864 1424 905 1489; x_wconf 92' lang='lat' dir='ltr'><strong>ad</strong></span> <span class='ocrx_word' id='word_1_45' title='bbox 928 1428 975 1507; x_wconf 90' lang='lat' dir='ltr'><strong>ta,</strong></span> <span class='ocrx_word' id='word_1_46' title='bbox 1001 1425 1223 1509; x_wconf 85' lang='lat' dir='ltr'><strong>Praetextata,</strong></span> <span class='ocrx_word' id='word_1_47' title='bbox 1250 1447 1324 1490; x_wconf 89' lang='lat' dir='ltr'><strong>con·</strong></span> 
     </span>
     <span class='ocr_line' id='line_1_8' title="bbox 310 1511 1323 1598; baseline -0.002 -19"><span class='ocrx_word' id='word_1_48' title='bbox 310 1514 415 1595; x_wconf 80' lang='lat' dir='ltr'><strong>traxit,</strong></span> <span class='ocrx_word' id='word_1_49' title='bbox 433 1534 476 1577; x_wconf 89' lang='lat' dir='ltr'><strong>an</strong></span> <span class='ocrx_word' id='word_1_50' title='bbox 494 1512 592 1577; x_wconf 88' lang='lat' dir='ltr'><strong>altius</strong></span> <span class='ocrx_word' id='word_1_51' title='bbox 612 1511 775 1597; x_wconf 86' lang='lat' dir='ltr'><strong>quiddam,</strong></span> <span class='ocrx_word' id='word_1_52' title='bbox 793 1513 845 1576; x_wconf 91' lang='lat' dir='ltr'><strong>cui</strong></span> <span class='ocrx_word' id='word_1_53' title='bbox 863 1514 997 1579; x_wconf 89' lang='lat' dir='ltr'><strong>remotis</strong></span> <span class='ocrx_word' id='word_1_54' title='bbox 1016 1513 1149 1579; x_wconf 86' lang='lat' dir='ltr'><strong>arbitris</strong></span> <span class='ocrx_word' id='word_1_55' title='bbox 1169 1536 1249 1598; x_wconf 89' lang='lat' dir='ltr'><strong>opus</strong></span> <span class='ocrx_word' id='word_1_56' title='bbox 1268 1515 1323 1596; x_wconf 90' lang='lat' dir='ltr'><strong>sit,</strong></span> 
     </span>
     <span class='ocr_line' id='line_1_9' title="bbox 310 1598 1322 1688; baseline -0.004 -20"><span class='ocrx_word' id='word_1_57' title='bbox 310 1600 484 1688; x_wconf 86' lang='lat' dir='ltr'><strong>cogitaturi</strong></span> <span class='ocrx_word' id='word_1_58' title='bbox 512 1622 551 1664; x_wconf 88' lang='lat' dir='ltr'><strong>ex</strong></span> <span class='ocrx_word' id='word_1_59' title='bbox 577 1598 736 1683; x_wconf 86' lang='lat' dir='ltr'><strong>disposito</strong></span> <span class='ocrx_word' id='word_1_60' title='bbox 765 1602 987 1666; x_wconf 81' lang='lat' dir='ltr'><strong>conuenistis?</strong></span> <span class='ocrx_word' id='word_1_61' title='bbox 1033 1601 1118 1684; x_wconf 92' lang='lat' dir='ltr'><strong>quod</strong></span> <span class='ocrx_word' id='word_1_62' title='bbox 1142 1601 1170 1665; x_wconf 83' lang='lat' dir='ltr'><strong>si</strong></span> <span class='ocrx_word' id='word_1_63' title='bbox 1194 1603 1241 1666; x_wconf 84' lang='lat' dir='ltr'><strong>ita</strong></span> <span class='ocrx_word' id='word_1_64' title='bbox 1264 1606 1322 1685; x_wconf 90' lang='lat' dir='ltr'><strong>est,</strong></span> 
     </span>
     <span class='ocr_line' id='line_1_10' title="bbox 311 1687 1323 1773; baseline -0.001 -19"><span class='ocrx_word' id='word_1_65' title='bbox 311 1694 345 1754; x_wconf 90' lang='lat' dir='ltr'><strong>at</strong></span> <span class='ocrx_word' id='word_1_66' title='bbox 370 1689 524 1771; x_wconf 88' lang='lat' dir='ltr'><strong>aestimo,</strong></span> <span class='ocrx_word' id='word_1_67' title='bbox 556 1687 654 1753; x_wconf 90' lang='lat' dir='ltr'><strong>abibo</strong></span> <span class='ocrx_word' id='word_1_68' title='bbox 685 1688 796 1773; x_wconf 91' lang='lat' dir='ltr'><strong>potius</strong></span> <span class='ocrx_word' id='word_1_69' title='bbox 827 1710 926 1771; x_wconf 86' lang='lat' dir='ltr'><strong>quam</strong></span> <span class='ocrx_word' id='word_1_70' title='bbox 954 1710 1005 1753; x_wconf 91' lang='lat' dir='ltr'><strong>me</strong></span> <span class='ocrx_word' id='word_1_71' title='bbox 1033 1689 1151 1753; x_wconf 73' lang='lat' dir='ltr'><strong>ueshis</strong></span> <span class='ocrx_word' id='word_1_72' title='bbox 1180 1689 1323 1753; x_wconf 85' lang='lat' dir='ltr'><strong>miscebo</strong></span> 
     </span>
     <span class='ocr_line' id='line_1_11' title="bbox 280 1775 1324 1860; baseline -0.001 -18"><span class='ocrx_word' id='word_1_73' title='bbox 280 1775 451 1860; x_wconf 77' lang='lat' dir='ltr'><strong>asseratis,</strong></span> <span class='ocrx_word' id='word_1_74' title='bbox 473 1775 627 1859; x_wconf 88' lang='lat' dir='ltr'><strong>aquibus</strong></span> <span class='ocrx_word' id='word_1_75' title='bbox 650 1797 703 1840; x_wconf 90' lang='lat' dir='ltr'><strong>me</strong></span> <span class='ocrx_word' id='word_1_76' title='bbox 726 1776 893 1841; x_wconf 87' lang='lat' dir='ltr'><strong>amouebit</strong></span> <span class='ocrx_word' id='word_1_77' title='bbox 913 1777 1075 1859; x_wconf 88' lang='lat' dir='ltr'><strong>uoluntas,</strong></span> <span class='ocrx_word' id='word_1_78' title='bbox 1097 1776 1175 1842; x_wconf 88' lang='lat' dir='ltr'><strong>licat</strong></span> <span class='ocrx_word' id='word_1_79' title='bbox 1192 1776 1324 1841; x_wconf 84' lang='lat' dir='ltr'><strong>fortuna</strong></span> 
     </span>
     <span class='ocr_line' id='line_1_12' title="bbox 312 1861 1357 1948; baseline 0.003 -20"><span class='ocrx_word' id='word_1_80' title='bbox 312 1866 438 1930; x_wconf 85' lang='lat' dir='ltr'><strong>lecisset</strong></span> <span class='ocrx_word' id='word_1_81' title='bbox 468 1861 619 1927; x_wconf 85' lang='lat' dir='ltr'><strong>inruere’.</strong></span> <span class='ocrx_word' id='word_1_82' title='bbox 676 1868 753 1928; x_wconf 90' lang='lat' dir='ltr'><strong>tunc</strong></span> <span class='ocrx_word' id='word_1_83' title='bbox 779 1863 910 1928; x_wconf 87' lang='lat' dir='ltr'><strong>Vettius</strong></span> <span class='ocrx_word' id='word_1_84' title='bbox 942 1865 1091 1948; x_wconf 90' lang='lat' dir='ltr'><strong>quamuis</strong></span> <span class='ocrx_word' id='word_1_85' title='bbox 1124 1864 1165 1929; x_wconf 88' lang='lat' dir='ltr'><strong>sd</strong></span> <span class='ocrx_word' id='word_1_86' title='bbox 1196 1866 1357 1931; x_wconf 80' lang='lat' dir='ltr'><strong>omnamb</strong></span> 
     </span>
     <span class='ocr_line' id='line_1_13' title="bbox 312 1951 1326 2038; baseline -0.002 -20"><span class='ocrx_word' id='word_1_87' title='bbox 312 1951 502 2038; x_wconf 86' lang='lat' dir='ltr'><strong>patientiam</strong></span> <span class='ocrx_word' id='word_1_88' title='bbox 526 1954 715 2016; x_wconf 82' lang='lat' dir='ltr'><strong>constanter</strong></span> <span class='ocrx_word' id='word_1_89' title='bbox 733 1952 834 2015; x_wconf 91' lang='lat' dir='ltr'><strong>animi</strong></span> <span class='ocrx_word' id='word_1_90' title='bbox 853 1951 1093 2035; x_wconf 82' lang='lat' dir='ltr'><strong>tranquillitate</strong></span> <span class='ocrx_word' id='word_1_91' title='bbox 1111 1951 1238 2036; x_wconf 88' lang='lat' dir='ltr'><strong>firmus,</strong></span> <span class='ocrx_word' id='word_1_92' title='bbox 1260 1974 1326 2018; x_wconf 92' lang='lat' dir='ltr'><strong>non</strong></span> 
     </span>
     <span class='ocr_line' id='line_1_14' title="bbox 312 2039 1357 2124; baseline 0 -18"><span class='ocrx_word' id='word_1_93' title='bbox 312 2041 391 2106; x_wconf 85' lang='lat' dir='ltr'><strong>nihil</strong></span> <span class='ocrx_word' id='word_1_94' title='bbox 412 2044 523 2104; x_wconf 87' lang='lat' dir='ltr'><strong>tamen</strong></span> <span class='ocrx_word' id='word_1_95' title='bbox 546 2039 787 2105; x_wconf 82' lang='lat' dir='ltr'><strong>consultatione</strong></span> <span class='ocrx_word' id='word_1_96' title='bbox 810 2043 879 2105; x_wconf 90' lang='lat' dir='ltr'><strong>tam</strong></span> <span class='ocrx_word' id='word_1_97' title='bbox 901 2043 1056 2124; x_wconf 86' lang='lat' dir='ltr'><strong>proterua</strong></span> <span class='ocrx_word' id='word_1_98' title='bbox 1077 2044 1185 2104; x_wconf 88' lang='lat' dir='ltr'><strong>motas</strong></span> <span class='ocrx_word' id='word_1_99' title='bbox 1209 2039 1250 2104; x_wconf 78' lang='lat' dir='ltr'><strong>‘si</strong></span> <span class='ocrx_word' id='word_1_100' title='bbox 1270 2044 1357 2108; x_wconf 78' lang='lat' dir='ltr'><strong>autc</strong></span> 
     </span>
     <span class='ocr_line' id='line_1_15' title="bbox 313 2126 1327 2214; baseline -0.002 -20"><span class='ocrx_word' id='word_1_101' title='bbox 313 2129 372 2194; x_wconf 91' lang='lat' dir='ltr'><strong>me’</strong></span> <span class='ocrx_word' id='word_1_102' title='bbox 399 2128 506 2212; x_wconf 91' lang='lat' dir='ltr'><strong>inquit</strong></span> <span class='ocrx_word' id='word_1_103' title='bbox 536 2126 733 2214; x_wconf 59' lang='lat' dir='ltr'><strong>‘Euangela</strong></span> <span class='ocrx_word' id='word_1_104' title='bbox 765 2132 823 2194; x_wconf 91' lang='lat' dir='ltr'><strong>aut</strong></span> <span class='ocrx_word' id='word_1_105' title='bbox 853 2128 934 2192; x_wconf 86' lang='lat' dir='ltr'><strong>haec</strong></span> <span class='ocrx_word' id='word_1_106' title='bbox 967 2127 1171 2193; x_wconf 86' lang='lat' dir='ltr'><strong>innocentiae</strong></span> <span class='ocrx_word' id='word_1_107' title='bbox 1203 2127 1327 2194; x_wconf 91' lang='lat' dir='ltr'><strong>lumina</strong></span> 
     </span>
     <span class='ocr_line' id='line_1_16' title="bbox 284 2217 1328 2305; baseline -0.002 -22"><span class='ocrx_word' id='word_1_108' title='bbox 284 2245 302 2283; x_wconf 83' lang='lat' dir='ltr'><strong>a</strong></span> <span class='ocrx_word' id='word_1_109' title='bbox 313 2218 503 2305; x_wconf 86' lang='lat' dir='ltr'><strong>cogitasses,</strong></span> <span class='ocrx_word' id='word_1_110' title='bbox 530 2217 656 2282; x_wconf 90' lang='lat' dir='ltr'><strong>nullum</strong></span> <span class='ocrx_word' id='word_1_111' title='bbox 682 2218 851 2282; x_wconf 87' lang='lat' dir='ltr'><strong>internos</strong></span> <span class='ocrx_word' id='word_1_112' title='bbox 874 2219 941 2283; x_wconf 90' lang='lat' dir='ltr'><strong>tale</strong></span> <span class='ocrx_word' id='word_1_113' title='bbox 965 2220 1125 2282; x_wconf 87' lang='lat' dir='ltr'><strong>secretum</strong></span> <span class='ocrx_word' id='word_1_114' title='bbox 1148 2217 1328 2302; x_wconf 89' lang='lat' dir='ltr'><strong>opinarere,</strong></span> 
     </span>
     <span class='ocr_line' id='line_1_17' title="bbox 313 2305 1327 2394; baseline -0.003 -21"><span class='ocrx_word' id='word_1_115' title='bbox 313 2307 397 2394; x_wconf 88' lang='lat' dir='ltr'><strong>qaod</strong></span> <span class='ocrx_word' id='word_1_116' title='bbox 429 2328 494 2371; x_wconf 88' lang='lat' dir='ltr'><strong>non</strong></span> <span class='ocrx_word' id='word_1_117' title='bbox 527 2306 578 2370; x_wconf 88' lang='lat' dir='ltr'><strong>uel</strong></span> <span class='ocrx_word' id='word_1_118' title='bbox 611 2305 674 2370; x_wconf 91' lang='lat' dir='ltr'><strong>tibi</strong></span> <span class='ocrx_word' id='word_1_119' title='bbox 705 2307 758 2370; x_wconf 88' lang='lat' dir='ltr'><strong>nel</strong></span> <span class='ocrx_word' id='word_1_120' title='bbox 791 2307 889 2372; x_wconf 88' lang='lat' dir='ltr'><strong>etiam</strong></span> <span class='ocrx_word' id='word_1_121' title='bbox 922 2307 1021 2392; x_wconf 80' lang='lat' dir='ltr'><strong>uulgo</strong></span> <span class='ocrx_word' id='word_1_122' title='bbox 1053 2306 1124 2371; x_wconf 88' lang='lat' dir='ltr'><strong>fieri</strong></span> <span class='ocrx_word' id='word_1_123' title='bbox 1153 2306 1327 2371; x_wconf 90' lang='lat' dir='ltr'><strong>dilucidum</strong></span> 
     </span>
     <span class='ocr_line' id='line_1_18' title="bbox 313 2395 1328 2483; baseline -0.004 -21"><span class='ocrx_word' id='word_1_124' title='bbox 313 2398 438 2483; x_wconf 85' lang='lat' dir='ltr'><strong>posset,</strong></span> <span class='ocrx_word' id='word_1_125' title='bbox 474 2396 550 2480; x_wconf 91' lang='lat' dir='ltr'><strong>quia</strong></span> <span class='ocrx_word' id='word_1_126' title='bbox 586 2417 690 2480; x_wconf 86' lang='lat' dir='ltr'><strong>nequo</strong></span> <span class='ocrx_word' id='word_1_127' title='bbox 727 2417 789 2482; x_wconf 91' lang='lat' dir='ltr'><strong>ogo</strong></span> <span class='ocrx_word' id='word_1_128' title='bbox 823 2418 895 2460; x_wconf 88' lang='lat' dir='ltr'><strong>sum</strong></span> <span class='ocrx_word' id='word_1_129' title='bbox 928 2396 1089 2460; x_wconf 89' lang='lat' dir='ltr'><strong>inmemor</strong></span> <span class='ocrx_word' id='word_1_130' title='bbox 1120 2416 1179 2459; x_wconf 92' lang='lat' dir='ltr'><strong>nec</strong></span> <span class='ocrx_word' id='word_1_131' title='bbox 1211 2395 1328 2462; x_wconf 90' lang='lat' dir='ltr'><strong>horum</strong></span> 
     </span>
     <span class='ocr_line' id='line_1_19' title="bbox 314 2483 1328 2572; baseline -0.001 -22"><span class='ocrx_word' id='word_1_132' title='bbox 314 2507 505 2572; x_wconf 83' lang='lat' dir='ltr'><strong>quemquam</strong></span> <span class='ocrx_word' id='word_1_133' title='bbox 530 2484 666 2550; x_wconf 88' lang='lat' dir='ltr'><strong>inscium</strong></span> <span class='ocrx_word' id='word_1_134' title='bbox 691 2485 785 2551; x_wconf 86' lang='lat' dir='ltr'><strong>credo</strong></span> <span class='ocrx_word' id='word_1_135' title='bbox 805 2484 913 2549; x_wconf 91' lang='lat' dir='ltr'><strong>sancti</strong></span> <span class='ocrx_word' id='word_1_136' title='bbox 931 2483 1021 2548; x_wconf 90' lang='lat' dir='ltr'><strong>illius</strong></span> <span class='ocrx_word' id='word_1_137' title='bbox 1039 2484 1203 2568; x_wconf 87' lang='lat' dir='ltr'><strong>praecepli</strong></span> <span class='ocrx_word' id='word_1_138' title='bbox 1222 2484 1328 2570; x_wconf 89' lang='lat' dir='ltr'><strong>philo-</strong></span> 
     </span>
     <span class='ocr_line' id='line_1_20' title="bbox 314 2572 1329 2661; baseline -0.004 -19"><span class='ocrx_word' id='word_1_139' title='bbox 314 2575 446 2661; x_wconf 84' lang='lat' dir='ltr'><strong>sophiae</strong></span> <span class='ocrx_word' id='word_1_140' title='bbox 463 2574 518 2639; x_wconf 87' lang='lat' dir='ltr'><strong>aic</strong></span> <span class='ocrx_word' id='word_1_141' title='bbox 536 2573 768 2658; x_wconf 89' lang='lat' dir='ltr'><strong>loquendum</strong></span> <span class='ocrx_word' id='word_1_142' title='bbox 788 2595 871 2639; x_wconf 86' lang='lat' dir='ltr'><strong>esse</strong></span> <span class='ocrx_word' id='word_1_143' title='bbox 891 2594 971 2638; x_wconf 93' lang='lat' dir='ltr'><strong>cum</strong></span> <span class='ocrx_word' id='word_1_144' title='bbox 990 2572 1215 2640; x_wconf 90' lang='lat' dir='ltr'><strong>hominibus</strong></span> <span class='ocrx_word' id='word_1_145' title='bbox 1234 2578 1329 2639; x_wconf 89' lang='lat' dir='ltr'><strong>tam·</strong></span> 
     </span>
     <span class='ocr_line' id='line_1_21' title="bbox 282 2662 1329 2752; baseline -0.003 -21"><span class='ocrx_word' id='word_1_146' title='bbox 282 2688 423 2752; x_wconf 83' lang='lat' dir='ltr'><strong>aquam</strong></span> <span class='ocrx_word' id='word_1_147' title='bbox 447 2663 483 2728; x_wconf 89' lang='lat' dir='ltr'><strong>di</strong></span> <span class='ocrx_word' id='word_1_148' title='bbox 507 2662 679 2748; x_wconf 90' lang='lat' dir='ltr'><strong>audiant,</strong></span> <span class='ocrx_word' id='word_1_149' title='bbox 703 2664 759 2729; x_wconf 88' lang='lat' dir='ltr'><strong>sic</strong></span> <span class='ocrx_word' id='word_1_150' title='bbox 781 2663 1018 2750; x_wconf 91' lang='lat' dir='ltr'><strong>loquendum</strong></span> <span class='ocrx_word' id='word_1_151' title='bbox 1048 2686 1130 2729; x_wconf 90' lang='lat' dir='ltr'><strong>cum</strong></span> <span class='ocrx_word' id='word_1_152' title='bbox 1154 2663 1213 2727; x_wconf 90' lang='lat' dir='ltr'><strong>dis</strong></span> <span class='ocrx_word' id='word_1_153' title='bbox 1235 2665 1329 2728; x_wconf 89' lang='lat' dir='ltr'><strong>tam-</strong></span> 
     </span>
     <span class='ocr_line' id='line_1_22' title="bbox 314 2752 1329 2841; baseline -0.004 -20"><span class='ocrx_word' id='word_1_154' title='bbox 314 2777 423 2841; x_wconf 85' lang='lat' dir='ltr'><strong>quam</strong></span> <span class='ocrx_word' id='word_1_155' title='bbox 445 2752 622 2817; x_wconf 86' lang='lat' dir='ltr'><strong>homines</strong></span> <span class='ocrx_word' id='word_1_156' title='bbox 646 2753 820 2818; x_wconf 85' lang='lat' dir='ltr'><strong>audiant:</strong></span> <span class='ocrx_word' id='word_1_157' title='bbox 844 2753 935 2818; x_wconf 87' lang='lat' dir='ltr'><strong>cuius</strong></span> <span class='ocrx_word' id='word_1_158' title='bbox 958 2753 1099 2818; x_wconf 89' lang='lat' dir='ltr'><strong>secunda</strong></span> <span class='ocrx_word' id='word_1_159' title='bbox 1121 2774 1198 2838; x_wconf 90' lang='lat' dir='ltr'><strong>pars</strong></span> <span class='ocrx_word' id='word_1_160' title='bbox 1222 2753 1329 2818; x_wconf 90' lang='lat' dir='ltr'><strong>sancit</strong></span> 
     </span>
     <span class='ocr_line' id='line_1_23' title="bbox 313 2840 1330 2928; baseline -0.003 -19"><span class='ocrx_word' id='word_1_161' title='bbox 313 2843 431 2928; x_wconf 90' lang='lat' dir='ltr'><strong>nequid</strong></span> <span class='ocrx_word' id='word_1_162' title='bbox 454 2864 475 2907; x_wconf 89' lang='lat' dir='ltr'><strong>a</strong></span> <span class='ocrx_word' id='word_1_163' title='bbox 497 2840 547 2905; x_wconf 90' lang='lat' dir='ltr'><strong>dis</strong></span> <span class='ocrx_word' id='word_1_164' title='bbox 575 2845 737 2926; x_wconf 88' lang='lat' dir='ltr'><strong>petamus,</strong></span> <span class='ocrx_word' id='word_1_165' title='bbox 766 2842 853 2927; x_wconf 88' lang='lat' dir='ltr'><strong>quod</strong></span> <span class='ocrx_word' id='word_1_166' title='bbox 881 2842 965 2907; x_wconf 87' lang='lat' dir='ltr'><strong>uelle</strong></span> <span class='ocrx_word' id='word_1_167' title='bbox 992 2864 1053 2908; x_wconf 87' lang='lat' dir='ltr'><strong>nos</strong></span> <span class='ocrx_word' id='word_1_168' title='bbox 1077 2842 1261 2907; x_wconf 85' lang='lat' dir='ltr'><strong>indecorum</strong></span> <span class='ocrx_word' id='word_1_169' title='bbox 1285 2842 1330 2906; x_wconf 92' lang='lat' dir='ltr'><strong>sit</strong></span> 
     </span>
     <span class='ocr_line' id='line_1_24' title="bbox 314 2930 1357 2999; baseline -0.004 0"><span class='ocrx_word' id='word_1_170' title='bbox 314 2931 499 2999; x_wconf 90' lang='lat' dir='ltr'><strong>hominibus</strong></span> <span class='ocrx_word' id='word_1_171' title='bbox 527 2930 684 2998; x_wconf 85' lang='lat' dir='ltr'><strong>confiteri.</strong></span> <span class='ocrx_word' id='word_1_172' title='bbox 729 2953 789 2997; x_wconf 93' lang='lat' dir='ltr'><strong>nos</strong></span> <span class='ocrx_word' id='word_1_173' title='bbox 817 2953 895 2996; x_wconf 89' lang='lat' dir='ltr'><strong>uero</strong></span> <span class='ocrx_word' id='word_1_174' title='bbox 924 2934 961 2995; x_wconf 88' lang='lat' dir='ltr'><strong>ut</strong></span> <span class='ocrx_word' id='word_1_175' title='bbox 989 2933 1023 2995; x_wconf 89' lang='lat' dir='ltr'><strong>et</strong></span> <span class='ocrx_word' id='word_1_176' title='bbox 1045 2930 1202 2995; x_wconf 87' lang='lat' dir='ltr'><strong>honorem</strong></span> <span class='ocrx_word' id='word_1_177' title='bbox 1226 2930 1357 2995; x_wconf 85' lang='lat' dir='ltr'><strong>saarisl</strong></span> 
     </span>
     <span class='ocr_line' id='line_1_25' title="bbox 315 3017 1328 3103; baseline -0.001 -19"><span class='ocrx_word' id='word_1_178' title='bbox 315 3021 401 3086; x_wconf 83' lang='lat' dir='ltr'><strong>feriis</strong></span> <span class='ocrx_word' id='word_1_179' title='bbox 421 3019 615 3084; x_wconf 78' lang='lat' dir='ltr'><strong>haberemus</strong></span> <span class='ocrx_word' id='word_1_180' title='bbox 635 3024 668 3084; x_wconf 90' lang='lat' dir='ltr'><strong>et</strong></span> <span class='ocrx_word' id='word_1_181' title='bbox 686 3020 867 3085; x_wconf 79' lang='lat' dir='ltr'><strong>citaremus</strong></span> <span class='ocrx_word' id='word_1_182' title='bbox 885 3024 996 3084; x_wconf 91' lang='lat' dir='ltr'><strong>tamen</strong></span> <span class='ocrx_word' id='word_1_183' title='bbox 1011 3026 1176 3103; x_wconf 89' lang='lat' dir='ltr'><strong>torporem</strong></span> <span class='ocrx_word' id='word_1_184' title='bbox 1190 3017 1328 3084; x_wconf 85' lang='lat' dir='ltr'><strong>feriandi</strong></span> 
     </span>
     <span class='ocr_line' id='line_1_26' title="bbox 283 3108 1330 3280; baseline -0.003 -17"><span class='ocrx_word' id='word_1_185' title='bbox 283 3109 531 3263; x_wconf 61' lang='lat' dir='ltr'><strong>”thhthl</strong></span> <span class='ocrx_word' id='word_1_186' title='bbox 542 3108 1330 3280; x_wconf 61' lang='lat' dir='ltr'><strong>ltlisstll&#39;l,llllttthhtlttlt:</strong></span> 
     </span>
     <span class='ocr_line' id='line_1_27' title="bbox 317 3283 1361 3369; baseline -0.002 -18"><span class='ocrx_word' id='word_1_187' title='bbox 317 3286 432 3351; x_wconf 90' lang='lat' dir='ltr'><strong>daturi.</strong></span> <span class='ocrx_word' id='word_1_188' title='bbox 468 3285 595 3348; x_wconf 89' lang='lat' dir='ltr'><strong>namsi</strong></span> <span class='ocrx_word' id='word_1_189' title='bbox 618 3307 676 3369; x_wconf 92' lang='lat' dir='ltr'><strong>per</strong></span> <span class='ocrx_word' id='word_1_190' title='bbox 698 3307 792 3350; x_wconf 91' lang='lat' dir='ltr'><strong>sacra</strong></span> <span class='ocrx_word' id='word_1_191' title='bbox 814 3284 988 3350; x_wconf 86' lang='lat' dir='ltr'><strong>sollemnia</strong></span> <span class='ocrx_word' id='word_1_192' title='bbox 1010 3285 1117 3349; x_wconf 92' lang='lat' dir='ltr'><strong>riuos</strong></span> <span class='ocrx_word' id='word_1_193' title='bbox 1141 3283 1361 3349; x_wconf 88' lang='lat' dir='ltr'><strong>deducere8</strong></span> 
     </span>
     <span class='ocr_line' id='line_1_28' title="bbox 317 3372 1332 3457; baseline -0.003 -19"><span class='ocrx_word' id='word_1_194' title='bbox 317 3373 461 3456; x_wconf 92' lang='lat' dir='ltr'><strong>religio</strong></span> <span class='ocrx_word' id='word_1_195' title='bbox 482 3373 589 3438; x_wconf 88' lang='lat' dir='ltr'><strong>nulla</strong></span> <span class='ocrx_word' id='word_1_196' title='bbox 607 3373 850 3457; x_wconf 89' lang='lat' dir='ltr'><strong>prohibebit,</strong></span> <span class='ocrx_word' id='word_1_197' title='bbox 873 3374 902 3437; x_wconf 91' lang='lat' dir='ltr'><strong>si</strong></span> <span class='ocrx_word' id='word_1_198' title='bbox 921 3372 1071 3437; x_wconf 87' lang='lat' dir='ltr'><strong>salubri</strong></span> <span class='ocrx_word' id='word_1_199' title='bbox 1091 3372 1216 3436; x_wconf 84' lang='lat' dir='ltr'><strong>llnaio</strong></span> <span class='ocrx_word' id='word_1_200' title='bbox 1237 3393 1332 3437; x_wconf 90' lang='lat' dir='ltr'><strong>mer-</strong></span> 
     </span>
     <span class='ocr_line' id='line_1_29' title="bbox 318 3460 1332 3545; baseline -0.004 -19"><span class='ocrx_word' id='word_1_201' title='bbox 318 3483 399 3527; x_wconf 87' lang='lat' dir='ltr'><strong>sare</strong></span> <span class='ocrx_word' id='word_1_202' title='bbox 423 3482 515 3527; x_wconf 88' lang='lat' dir='ltr'><strong>oaes</strong></span> <span class='ocrx_word' id='word_1_203' title='bbox 538 3462 588 3526; x_wconf 84' lang='lat' dir='ltr'><strong>fas</strong></span> <span class='ocrx_word' id='word_1_204' title='bbox 612 3465 645 3524; x_wconf 90' lang='lat' dir='ltr'><strong>et</strong></span> <span class='ocrx_word' id='word_1_205' title='bbox 668 3462 740 3526; x_wconf 91' lang='lat' dir='ltr'><strong>iura</strong></span> <span class='ocrx_word' id='word_1_206' title='bbox 763 3461 968 3545; x_wconf 90' lang='lat' dir='ltr'><strong>permittunt,</strong></span> <span class='ocrx_word' id='word_1_207' title='bbox 993 3482 1051 3525; x_wconf 87' lang='lat' dir='ltr'><strong>cur</strong></span> <span class='ocrx_word' id='word_1_208' title='bbox 1073 3481 1140 3526; x_wconf 91' lang='lat' dir='ltr'><strong>non</strong></span> <span class='ocrx_word' id='word_1_209' title='bbox 1164 3460 1332 3545; x_wconf 89' lang='lat' dir='ltr'><strong>religionis</strong></span> 
     </span>
     <span class='ocr_line' id='line_1_30' title="bbox 284 3547 1332 3633; baseline -0.003 -18"><span class='ocrx_word' id='word_1_210' title='bbox 284 3550 419 3616; x_wconf 83' lang='lat' dir='ltr'><strong>rohonor</strong></span> <span class='ocrx_word' id='word_1_211' title='bbox 451 3553 584 3633; x_wconf 85' lang='lat' dir='ltr'><strong>putetur</strong></span> <span class='ocrx_word' id='word_1_212' title='bbox 614 3550 723 3615; x_wconf 88' lang='lat' dir='ltr'><strong>dicare</strong></span> <span class='ocrx_word' id='word_1_213' title='bbox 755 3550 856 3615; x_wconf 87' lang='lat' dir='ltr'><strong>sacris</strong></span> <span class='ocrx_word' id='word_1_214' title='bbox 889 3549 1002 3613; x_wconf 90' lang='lat' dir='ltr'><strong>diebus</strong></span> <span class='ocrx_word' id='word_1_215' title='bbox 1035 3570 1163 3614; x_wconf 85' lang='lat' dir='ltr'><strong>sacrum</strong></span> <span class='ocrx_word' id='word_1_216' title='bbox 1191 3547 1332 3613; x_wconf 91' lang='lat' dir='ltr'><strong>studium</strong></span> 
     </span>
     <span class='ocr_line' id='line_1_31' title="bbox 319 3635 1363 3723; baseline -0.001 -21"><span class='ocrx_word' id='word_1_217' title='bbox 319 3639 524 3703; x_wconf 83' lang='lat' dir='ltr'><strong>litterarum?</strong></span> <span class='ocrx_word' id='word_1_218' title='bbox 558 3637 615 3702; x_wconf 89' lang='lat' dir='ltr'><strong>sed</strong></span> <span class='ocrx_word' id='word_1_219' title='bbox 629 3640 706 3723; x_wconf 91' lang='lat' dir='ltr'><strong>quia</strong></span> <span class='ocrx_word' id='word_1_220' title='bbox 724 3661 783 3703; x_wconf 88' lang='lat' dir='ltr'><strong>uos</strong></span> <span class='ocrx_word' id='word_1_221' title='bbox 802 3659 929 3722; x_wconf 91' lang='lat' dir='ltr'><strong>quoque</strong></span> <span class='ocrx_word' id='word_1_222' title='bbox 949 3637 1081 3702; x_wconf 86' lang='lat' dir='ltr'><strong>deorum</strong></span> <span class='ocrx_word' id='word_1_223' title='bbox 1100 3635 1218 3720; x_wconf 91' lang='lat' dir='ltr'><strong>aliquis</strong></span> <span class='ocrx_word' id='word_1_224' title='bbox 1237 3636 1363 3701; x_wconf 86' lang='lat' dir='ltr'><strong>nobis9</strong></span> 
     </span>
    </p>
   </div>
   <div class='ocr_carea' id='block_1_4' title="bbox 321 3754 531 3764">
    <p class='ocr_par' dir='ltr' id='par_1_4' title="bbox 321 3754 531 3764">
     <span class='ocr_line' id='line_1_32' title="bbox 321 3754 531 3764; baseline -0.014 0"><span class='ocrx_word' id='word_1_225' title='bbox 321 3754 531 3764; x_wconf 43' lang='grc' dir='ltr'><em>...φα-κ.-</em></span> 
     </span>
    </p>
   </div>
   <div class='ocr_carea' id='block_1_5' title="bbox 320 3811 1338 4241">
    <p class='ocr_par' dir='ltr' id='par_1_5' title="bbox 320 3811 1338 4241">
     <span class='ocr_line' id='line_1_33' title="bbox 389 3811 1333 3899; baseline -0.003 -17"><span class='ocrx_word' id='word_1_226' title='bbox 389 3827 586 3884; x_wconf 83' lang='lat' dir='ltr'><strong>trnnumeral</strong></span> <span class='ocrx_word' id='word_1_227' title='bbox 599 3842 651 3883; x_wconf 87' lang='lat' dir='ltr'><strong>om.</strong></span> <span class='ocrx_word' id='word_1_228' title='bbox 665 3829 694 3882; x_wconf 94' lang='lat' dir='ltr'><strong><em>B</em></strong></span> <span class='ocrx_word' id='word_1_229' title='bbox 747 3811 937 3899; x_wconf 72' lang='lat' dir='ltr'><strong>tantrlbhlms</strong></span> <span class='ocrx_word' id='word_1_230' title='bbox 948 3828 976 3882; x_wconf 88' lang='lat' dir='ltr'><strong><em>P</em></strong></span> <span class='ocrx_word' id='word_1_231' title='bbox 1025 3826 1190 3898; x_wconf 72' lang='lat' dir='ltr'><strong>adrogeml</strong></span> <span class='ocrx_word' id='word_1_232' title='bbox 1200 3858 1233 3867; x_wconf 95' lang='lat'>-</span> <span class='ocrx_word' id='word_1_233' title='bbox 1248 3827 1333 3883; x_wconf 85' lang='lat' dir='ltr'><strong>habs-</strong></span> 
     </span>
     <span class='ocr_line' id='line_1_34' title="bbox 320 3896 1335 3969; baseline 0.001 -16"><span class='ocrx_word' id='word_1_234' title='bbox 320 3898 402 3955; x_wconf 86' lang='lat' dir='ltr'><strong>batur</strong></span> <span class='ocrx_word' id='word_1_235' title='bbox 420 3900 503 3954; x_wconf 78' lang='lat' dir='ltr'><strong>iterat</strong></span> <span class='ocrx_word' id='word_1_236' title='bbox 520 3896 556 3953; x_wconf 90' lang='lat' dir='ltr'><strong>B&#39;</strong></span> <span class='ocrx_word' id='word_1_237' title='bbox 620 3897 754 3968; x_wconf 82' lang='lat' dir='ltr'><strong>loquutus</strong></span> <span class='ocrx_word' id='word_1_238' title='bbox 771 3899 799 3954; x_wconf 93' lang='lat' dir='ltr'><em>P</em></span> <span class='ocrx_word' id='word_1_239' title='bbox 858 3899 922 3955; x_wconf 75' lang='lat' dir='ltr'><strong>tta</strong></span> <span class='ocrx_word' id='word_1_240' title='bbox 941 3900 973 3954; x_wconf 80' lang='lat' dir='ltr'><strong>ia</strong></span> <span class='ocrx_word' id='word_1_241' title='bbox 990 3915 1046 3954; x_wconf 84' lang='lat' dir='ltr'><strong>ras.</strong></span> <span class='ocrx_word' id='word_1_242' title='bbox 1065 3899 1177 3969; x_wconf 78' lang='lat' dir='ltr'><strong>scripsit</strong></span> <span class='ocrx_word' id='word_1_243' title='bbox 1195 3896 1242 3967; x_wconf 75' lang='lat' dir='ltr'><strong>P‘,</strong></span> <span class='ocrx_word' id='word_1_244' title='bbox 1261 3897 1287 3953; x_wconf 85' lang='lat' dir='ltr'><strong>le</strong></span> <span class='ocrx_word' id='word_1_245' title='bbox 1307 3899 1335 3954; x_wconf 98' lang='grc' dir='ltr'><strong><em>Β</em></strong></span> 
     </span>
     <span class='ocr_line' id='line_1_35' title="bbox 323 3967 1333 4040; baseline -0.002 -15"><span class='ocrx_word' id='word_1_246' title='bbox 323 3978 355 4026; x_wconf 84' lang='lat'><strong>10</strong></span> <span class='ocrx_word' id='word_1_247' title='bbox 372 3969 486 4026; x_wconf 75' lang='lat' dir='ltr'><strong>secretis</strong></span> <span class='ocrx_word' id='word_1_248' title='bbox 500 3984 550 4026; x_wconf 71' lang='lat' dir='ltr'><strong>*a</strong></span> <span class='ocrx_word' id='word_1_249' title='bbox 569 3969 637 4038; x_wconf 74' lang='lat' dir='ltr'><strong>(aid.</strong></span> <span class='ocrx_word' id='word_1_250' title='bbox 656 3971 743 4038; x_wconf 64' lang='lat' dir='ltr'><strong>[aaa</strong></span> <span class='ocrx_word' id='word_1_251' title='bbox 756 3970 792 4040; x_wconf 71' lang='lat' dir='ltr'><strong>rt)</strong></span> <span class='ocrx_word' id='word_1_252' title='bbox 813 3969 841 4023; x_wconf 88' lang='lat' dir='ltr'><strong><em>P</em></strong></span> <span class='ocrx_word' id='word_1_253' title='bbox 911 3969 1057 4026; x_wconf 82' lang='lat' dir='ltr'><strong>amouebrl</strong></span> <span class='ocrx_word' id='word_1_254' title='bbox 1071 3971 1175 4026; x_wconf 81' lang='lat' dir='ltr'><strong>ataid.</strong></span> <span class='ocrx_word' id='word_1_255' title='bbox 1190 3967 1226 4026; x_wconf 89' lang='lat' dir='ltr'><strong>B&#39;</strong></span> <span class='ocrx_word' id='word_1_256' title='bbox 1301 3974 1333 4024; x_wconf 88' lang='lat'><strong>11</strong></span> 
     </span>
     <span class='ocr_line' id='line_1_36' title="bbox 320 4040 1338 4115; baseline -0.001 -18"><span class='ocrx_word' id='word_1_257' title='bbox 320 4057 424 4097; x_wconf 71' lang='lat' dir='ltr'><strong>inuare</strong></span> <span class='ocrx_word' id='word_1_258' title='bbox 440 4043 468 4097; x_wconf 88' lang='lat' dir='ltr'><strong><em>P</em></strong></span> <span class='ocrx_word' id='word_1_259' title='bbox 511 4041 615 4097; x_wconf 89' lang='lat' dir='ltr'><strong>tnmP</strong></span> <span class='ocrx_word' id='word_1_260' title='bbox 659 4047 691 4097; x_wconf 81' lang='lat'><strong>15</strong></span> <span class='ocrx_word' id='word_1_261' title='bbox 707 4058 822 4112; x_wconf 78' lang='lat' dir='ltr'><strong>opinare</strong></span> <span class='ocrx_word' id='word_1_262' title='bbox 838 4043 866 4095; x_wconf 89' lang='lat' dir='ltr'><em>B</em></span> <span class='ocrx_word' id='word_1_263' title='bbox 912 4040 1091 4097; x_wconf 72' lang='lat' dir='ltr'><strong>aodrrsBP</strong></span> <span class='ocrx_word' id='word_1_264' title='bbox 1134 4041 1338 4115; x_wconf 74' lang='lat' dir='ltr'><strong>a1ranclcrtP</strong></span> 
     </span>
     <span class='ocr_line' id='line_1_37' title="bbox 320 4112 1337 4241; baseline 0 -73"><span class='ocrx_word' id='word_1_265' title='bbox 320 4112 428 4240; x_wconf 50' lang='lat' dir='ltr'><strong>mitid</strong></span> <span class='ocrx_word' id='word_1_266' title='bbox 443 4114 502 4170; x_wconf 92' lang='grc' dir='ltr'><strong>ΡΒ</strong></span> <span class='ocrx_word' id='word_1_267' title='bbox 525 4185 554 4241; x_wconf 70' lang='grc' dir='ltr'><strong><em>Ρ</em></strong></span> <span class='ocrx_word' id='word_1_268' title='bbox 573 4112 761 4169; x_wconf 63' lang='grc' dir='ltr'><strong>ἳδῶουιΒ</strong></span> <span class='ocrx_word' id='word_1_269' title='bbox 826 4116 860 4169; x_wconf 79' lang='lat'><strong>25</strong></span> <span class='ocrx_word' id='word_1_270' title='bbox 879 4113 1063 4170; x_wconf 85' lang='lat' dir='ltr'><strong>uhleom.P</strong></span> <span class='ocrx_word' id='word_1_271' title='bbox 1123 4119 1159 4168; x_wconf 77' lang='lat'><strong>26</strong></span> <span class='ocrx_word' id='word_1_272' title='bbox 1174 4112 1293 4169; x_wconf 82' lang='lat' dir='ltr'><strong>nmbola</strong></span> <span class='ocrx_word' id='word_1_273' title='bbox 1309 4114 1337 4168; x_wconf 83' lang='lat' dir='ltr'><em>P</em></span> 
     </span>
     <span class='ocr_line' id='line_1_38' title="bbox 321 4191 506 4241; baseline 0.011 -2"><span class='ocrx_word' id='word_1_274' title='bbox 321 4191 354 4240; x_wconf 76' lang='lat' dir='ltr'><strong>tl</strong></span> <span class='ocrx_word' id='word_1_275' title='bbox 424 4201 506 4241; x_wconf 85' lang='lat' dir='ltr'><strong>ucsre</strong></span> 
     </span>
    </p>
   </div>
   <div class='ocr_carea' id='block_1_6' title="bbox 0 0 1683 5190">
    <p class='ocr_par' dir='ltr' id='par_1_6' title="bbox 0 0 1683 5190">
     <span class='ocr_line' id='line_1_39' title="bbox 0 0 1683 5190; baseline 0 0"><span class='ocrx_word' id='word_1_276' title='bbox 0 0 1683 5190; x_wconf 95' lang='lat' dir='ltr'><strong> </strong></span> 
     </span>
    </p>
   </div>
  </div>
 </body>
</html>
