3322 5190
313 832 356 895 10
710 830 788 886 ΕΔΤ.
807 828 906 885 LIBRI
923 829 937 883 1

311 1013 441 1055 monem
469 991 629 1055 adducitis
656 991 740 1054 nihil
768 1013 807 1054 ex
834 990 985 1055 omnibus
1010 1011 1092 1072 qnae
1116 1012 1135 1053 a
1159 991 1324 1055 ueteribus

311 1079 477 1142 elaborata
506 1084 583 1142 sunt
610 1083 667 1142 aut
694 1079 858 1163 ignoratio
886 1079 984 1161 neget
1011 1083 1068 1141 aut
1095 1078 1218 1142 obliuio
1248 1079 1324 1142 sub-

310 1166 436 1251 trahat,
458 1166 654 1250 superfluum
681 1166 775 1231 uideo
800 1167 886 1230 inter
908 1166 1044 1231 scientes
1066 1169 1146 1229 nota
1168 1165 1324 1250 proferre.

312 1255 367 1320 sed
409 1258 523 1337 nequis
564 1276 615 1319 mc
657 1255 808 1321 aestimet
849 1254 1036 1339 dignatione
1073 1253 1324 1319 consultationis

313 1344 457 1429 grauari,
487 1343 643 1427 quidquid
671 1342 709 1407 de
737 1344 800 1409 hoo
827 1342 908 1406 mihi
935 1343 1042 1408 tenuis
1069 1344 1228 1408 memoria
1250 1365 1327 1429 sug·
1353 1368 1366 1407 s

311 1433 458 1516 gesserit,
472 1431 584 1514 paucis
598 1431 787 1497 reuoluam.’
818 1436 894 1516 post
907 1431 996 1515 haee,
1013 1453 1086 1496 cum
1100 1453 1213 1496 omnes
1228 1453 1325 1516 para·

312 1527 364 1585 tos
388 1520 429 1584 ad
452 1519 645 1585 audiendum
668 1524 855 1605 erectosque
874 1521 1017 1604 uidisset,
1039 1520 1087 1585 ita
1106 1541 1239 1585 exorsus
1263 1525 1325 1586 est.

278 1610 300 1674 2
402 1609 446 1674 M.
460 1608 586 1676 Venno
609 1610 644 1674 in
661 1610 744 1674 libro
763 1627 883 1677 nrnrvn
902 1627 1135 1693 nvususnvu,
1158 1632 1255 1695 quem
1276 1629 1325 1674 nn

311 1716 439 1764 nlnssvs
476 1701 623 1783 scripsit,
663 1699 836 1765 homines
874 1699 980 1783 inquit
1016 1700 1082 1785 qui
1119 1721 1163 1763 ex
1200 1699 1325 1763 media

311 1791 425 1853 nocte
453 1787 497 1852 ad
525 1789 736 1871 proximam
764 1787 923 1853 mediam
951 1793 1101 1854 noctem
1128 1788 1189 1851 his
1215 1787 1365 1852 herisio

313 1877 457 1961 uiginti
476 1880 661 1958 quattuor
684 1878 765 1940 nati
790 1882 892 1959 suut,
916 1897 988 1940 uno
1008 1875 1069 1939 die
1088 1877 1171 1939 nati
1190 1875 1324 1939 dicun-

278 1965 384 2028 3tur.
424 1963 541 2047 quibus
564 1964 672 2027 uerbis
696 1965 742 2027 ita
765 1963 894 2027 uidetur
916 1963 1039 2026 dierum
1063 1962 1325 2028 obseruationem

315 2049 474 2137 diuisisse,
497 2051 611 2138 utqui
636 2056 712 2136 post
732 2052 810 2117 solis
834 2073 981 2116 occasum
1007 2055 1081 2116 ante
1105 2050 1244 2115 medinm
1268 2073 1324 2115 no·

315 2143 400 2204 ctem
427 2144 524 2204 natus
552 2140 609 2224 sit,
637 2142 694 2205 illo
722 2162 817 2225 quern
845 2163 909 2205 uox
937 2143 1047 2205 secute
1070 2143 1121 2204 est
1146 2177 1184 2186 -
1210 2143 1325 2205 contra

314 2249 392 2292 uero
417 2228 472 2312 qui
496 2229 530 2292 in
550 2251 606 2293 sex
625 2229 730 2294 noctis
748 2229 838 2293 horis
857 2230 1092 2311 posterioribus
1110 2228 1262 2312 nascitur,
1286 2250 1324 2293 eo
1341 2254 1365 2293 rs

316 2314 367 2379 die
399 2316 550 2379 uideatur
580 2323 676 2381 natns
709 2319 764 2401 qui
796 2322 871 2399 post
902 2338 974 2380 eam
1006 2321 1135 2380 noctem
1165 2316 1325 2380 diluxerit.

277 2402 580 2469 4Athenienses
604 2409 731 2469 autem
751 2404 869 2468 aliter
887 2404 1095 2468 obseruare
1113 2403 1199 2467 idem
1218 2402 1325 2467 Varro

314 2492 350 2555 in
373 2491 483 2555 eodem
507 2491 592 2556 libro
616 2491 759 2575 scripsit,
783 2512 924 2574 eosque
953 2514 972 2556 a
1000 2492 1096 2555 solis
1120 2511 1256 2554 occasu
1280 2491 1325 2555 ad

314 2580 433 2642 solem
474 2578 614 2643 iterum
657 2578 895 2643 occidentem
936 2599 1044 2642 omne
1085 2576 1124 2641 id
1162 2577 1326 2642 medium

313 2672 463 2751 tempus
499 2688 612 2733 unum
650 2668 748 2731 diem
786 2688 870 2731 esse
907 2667 1050 2732 dicere:
1087 2664 1367 2751 Babyloniosao

313 2777 430 2840 porro
464 2755 593 2822 aliter:
627 2779 647 2822 e
675 2757 755 2822 sole
784 2755 883 2820 enim
912 2760 1046 2821 exorto
1075 2756 1119 2821 ad
1150 2758 1324 2821 exortunr

314 2845 483 2912 eiusdem
506 2844 758 2933 incipientem
780 2845 817 2910 id
837 2846 1005 2930 spatium
1029 2847 1141 2911 unius
1160 2845 1236 2910 diei
1260 2867 1325 2910 no-

314 2936 413 3000 mine
445 2954 596 3000 uocare:
633 2935 798 3000 Vmbros
830 2955 921 2998 uero
952 2955 1065 2998 unum
1098 2937 1136 2998 et
1167 2934 1326 2998 eundem

315 3023 414 3087 diem
451 3042 535 3086 esse
571 3024 697 3088 dicere
730 3045 751 3085 a
783 3023 941 3085 meridie
977 3022 1021 3085 ad
1058 3021 1325 3105 insequentem

278 3108 523 3175 bmeridiem.
567 3110 666 3195 quod
689 3109 840 3193 quidem
863 3108 971 3192 inquit
993 3108 1099 3173 Varro
1122 3109 1237 3173 nimis
1261 3110 1366 3173 ab-ss

316 3197 469 3263 surdum
490 3201 557 3262 est
594 3198 760 3280 namqui
784 3196 961 3261 kalendis
984 3196 1081 3261 hora
1100 3202 1211 3261 sexta
1229 3198 1326 3281 apud

314 3285 479 3350 Vmbros
502 3290 617 3350 natus
640 3291 712 3368 est,
736 3286 819 3350 dies
843 3286 924 3349 eius
946 3285 1093 3349 natalis
1117 3285 1238 3349 uideri
1266 3286 1326 3349 de·

314 3375 423 3439 babit
458 3379 496 3439 et
531 3374 781 3440 kalendarum
815 3373 1040 3438 dimidiatus
1072 3377 1112 3437 et
1143 3374 1205 3457 qui
1239 3379 1327 3456 post

280 3461 500 3529 dkalendas
524 3464 598 3526 erit
620 3485 738 3547 nsque
762 3462 806 3528 ad
825 3461 957 3526 horam
977 3463 1058 3525 eius
1077 3461 1152 3524 dici
1171 3466 1326 3525 sextum.

316 3551 472 3636 populum
500 3554 609 3616 autem
633 3551 814 3616 Romanum
843 3552 905 3633 ita,
932 3551 979 3612 uti
1003 3549 1109 3613 Varro
1137 3549 1230 3630 dixit,
1259 3549 1325 3612 dies
1340 3563 1367 3602 ³0

316 3640 462 3725 singulos
485 3639 695 3705 adnumerare
714 3663 734 3705 a
752 3638 858 3703 media
879 3642 974 3701 nocte
998 3637 1038 3702 ad
1061 3636 1199 3724 mediam
1219 3639 1326 3720 prori-

316 3750 403 3793 mam
431 3727 543 3792 multis
568 3729 767 3813 argumentis
791 3726 980 3793 ostenditur.
1026 3747 1118 3790 sacra
1141 3730 1217 3790 sunt
1239 3728 1326 3790 enim

315 3846 479 3853 ----.-.--.
490 3847 497 3850 .

388 3909 401 3956 1
421 3904 554 3957 inducitis
572 3904 599 3958 P
650 3922 669 3959 a
686 3923 736 3960 orn.
761 3902 840 3971 ΒῬ;
864 3881 918 3976 ηυξ
941 3899 1085 3954 ueteribus
1102 3900 1136 3968 P,
1159 3915 1246 3968 snpra
1270 3917 1325 3969 quo

314 3976 378 4030 add.
397 3975 463 4029 meh
483 3975 532 4029 coi
552 3973 591 4029 Ρ)
645 3984 661 4029 4
681 3977 875 4046 dignatione*
894 3974 961 4042 (licit
976 3972 1014 4039 m)
1029 3971 1056 4023 Β
1111 3977 1127 4025 8
1146 3972 1257 4024 marcul'
1269 3971 1330 4025 BP

316 4044 441 4099 rorent
461 4046 489 4099 P
542 4052 573 4099 11
617 4049 717 4100 uatnor
742 4047 770 4099 P
830 4041 1009 4098 lddmrdrfie
1031 4040 1066 4095 Β
1128 4048 1160 4095 14
1183 4042 1324 4111 quemoxl

314 4132 368 4170 nox
387 4117 415 4170 B
469 4117 584 4183 sequuta
680 4115 887 4170 20babrlonrol'
897 4114 959 4168 BP
1011 4118 1042 4165 21
1060 4114 1185 4167 exortem
1201 4110 1235 4166 Β
1291 4119 1326 4166 29

314 4202 391 4241 oram
410 4188 446 4242 Β
502 4188 623 4242 eiusdem
643 4188 672 4240 P
724 4193 755 4240 ³1
776 4201 960 4240 annumerare
980 4182 1008 4235 P
