3322 5190
321 841 386 906 332
710 839 783 896 8ΑΤ.
801 840 899 896 LlBRI
918 840 941 896 V

322 1001 455 1067 sedandi
483 1003 603 1068 amoris
631 1001 740 1086 gratia
767 1001 885 1065 herbas
909 1002 1088 1085 quaesitas,
1117 1022 1199 1084 quae
1224 1002 1333 1066 aeneis

292 1088 460 1153 8falcibus
484 1093 678 1154 secarentur.
720 1089 799 1152 haec
821 1110 873 1152 res
896 1109 1002 1152 noane
1026 1089 1215 1170 quaestione
1234 1089 1335 1171 digna

323 1181 381 1258 est,
404 1177 487 1241 unde
506 1174 572 1241 Ver
597 1177 653 1240 ilio
678 1197 795 1240 aeneae
818 1174 916 1240 falces
939 1175 972 1239 in
997 1179 1137 1239 mentem
1160 1175 1333 1239 uenerint?

322 1285 439 1348 ponam
455 1197 786 1349 itaqueilergilionos
801 1284 923 1346 uersus,
938 1285 1011 1327 mox
1027 1262 1140 1328 exinde
1152 1260 1334 1346 Sophoclis,

324 1373 405 1437 quos
428 1351 521 1418 Maro
546 1353 726 1418 aemulatus
750 1353 808 1417 est.
1361 1383 1375 1424 a

292 1475 313 1541 9
367 1475 506 1541 falcibus
529 1480 562 1539 et
586 1496 711 1540 messae
734 1474 774 1538 ad
798 1474 908 1539 lunam
932 1477 1131 1558 quaeruntur
1153 1473 1243 1539 aenis

368 1563 526 1648 pubentes
549 1564 669 1629 herbae
692 1563 779 1648 nigri
803 1583 876 1627 cum
899 1562 983 1627 lactc
1006 1563 1128 1627 ueneni.

325 1686 495 1774 Sophoclis
515 1691 623 1755 autem
642 1687 812 1774 tragoedia
830 1686 872 1769 id,
891 1686 929 1752 de
945 1710 1008 1772 quo
1024 1688 1216 1773 quaerimus,
1235 1688 1334 1753 etiam

325 1777 421 1843 titulo
446 1777 601 1863 praefert:
628 1776 816 1844 inscribitur
840 1776 924 1842 enirn
943 1773 1166 1862 Ῥιζοτόμοι.
1213 1779 1246 1842 in
1271 1801 1335 1863 qua

326 1865 472 1932 Medeam
514 1867 668 1933 describit
708 1866 871 1932 maleficas
912 1866 1028 1931 herbas
1071 1871 1235 1931 secantem
1277 1867 1376 1936 seda

327 1976 489 2040 caeream,
522 1978 563 2020 ne
595 1956 629 2020 ui
659 1955 749 2020 noxii
783 1955 890 2019 odoris
923 1953 995 2039 ipsa
1022 1956 1270 2039 interficeretur,
1303 1962 1337 2020 et

328 2065 439 2109 sucum
474 2045 604 2128 quidem
634 2044 807 2108 herbarum
836 2045 870 2106 in
897 2043 993 2109 cados
1022 2065 1138 2108 aeneos
1166 2043 1337 2109 refunden-

328 2136 408 2214 tem,
437 2132 524 2215 ipsas
553 2137 660 2196 autem
688 2132 806 2196 herbas
830 2132 939 2196 aeneis
963 2131 1100 2196 falcibus
1124 2136 1337 2197 exsecantcrn.

275 2218 317 2285 10
327 2217 524 2285 Soanoons
548 2241 661 2285 uersus
684 2219 719 2284 bi
743 2224 819 2284 sunt

486 2341 542 2424 ἥδ’
567 2342 706 2418 ἐξοπίσω
729 2344 824 2425 χερὸς
847 2343 935 2424 ὄμμα
957 2339 1110 2423 τρεποῦσ’
1352 2370 1378 2412 ιι

487 2429 571 2494 ὀπὸν
594 2428 757 2512 ἀργινεφῆ
781 2428 937 2505 στάζοντα
961 2438 1061 2511 τομῆς

486 2513 654 2599 χαλκέοισι
676 2517 791 2590 κάδοις
813 2514 940 2599 δέχεται

329 2643 362 2703 et
385 2639 483 2722 paulo
506 2644 583 2724 post

702 2728 773 2791 uide
796 2728 978 2812 καλύπτραι

488 2819 596 2881 κίσται
621 2814 720 2901 ῥιζῶν
743 2816 924 2901 κρύπτουσι
949 2817 1064 2900 τομάς,

489 2905 527 2981 ἃς
550 2907 609 2988 ἥδε
632 2902 734 2989 βοῶσ’
757 2904 980 2989 ἀλαλαζομένη

488 2995 598 3078 γυμνὴ
622 2992 770 3078 χαλκέοις
792 2996 858 3078 ilua
882 2996 1066 3078 δρεπάνοις.

280 3117 415 3182 lihacc
445 3116 637 3202 Sophocles,
674 3141 737 3203 qao
776 3124 906 3183 auclore
943 3119 1012 3183 sine
1045 3121 1141 3185 dnbio
1176 3121 1341 3205 Vergilius

331 3207 468 3290 protulit
500 3229 615 3273 aeneas
644 3207 750 3272 fulcos.
801 3208 931 3272 omnino
960 3213 1067 3272 autem
1096 3210 1135 3272 ad
1164 3232 1231 3274 rem
1261 3210 1340 3275 diui-

331 3317 405 3360 num
438 3297 592 3381 pleraque
625 3318 725 3360 aenea
757 3296 901 3360 adhiberi
936 3297 1046 3381 solita,
1081 3300 1184 3362 multa
1218 3300 1379 3363 indiciam

330 3387 416 3466 sunt,
440 3389 472 3447 et
495 3386 529 3447 in
554 3385 605 3448 his
629 3385 768 3448 maxime
789 3385 898 3468 sacris,
922 3385 1039 3468 quibus
1058 3387 1194 3450 delinire
1214 3388 1340 3471 aliquos

330 3509 487 3516 Ἣ-
494 3510 542 3516 ...-

402 3589 417 3635 6
439 3582 521 3651 Ver-g.
543 3582 753 3637 nonullam
808 3589 841 3636 15
861 3582 989 3651 Sophocl.
1011 3584 1110 3652 fragm.
1131 3589 1182 3638 189
1203 3587 1302 3640 Nauck

402 3775 418 3822 3
441 3769 571 3838 urrgrlral
594 3775 625 3823 ut
652 3768 710 3822 uid.
738 3765 783 3835 P',
813 3767 925 3836 urrgrlro
953 3769 981 3824 R
1088 3778 1105 3824 4
1129 3771 1295 3840 urrgrhanos
1313 3773 1342 3829 R

330 3839 429 3894 exinde
453 3842 565 3908 scripsi:
589 3845 618 3894 et
640 3840 705 3894 rnde
729 3838 782 3893 PR
872 3846 887 3892 6
911 3839 979 3892 limet
1005 3841 1032 3893 P
1120 3848 1137 3896 8
1160 3842 1291 3911 sophochr
1317 3846 1345 3899 P

330 3918 345 3965 1)
365 3911 556 3966 ΠΙΖΟῘΟΜΟΙ
572 3912 599 3964 Ρ
672 3916 702 3963 15
722 3911 767 3975 ἥδ’
782 3940 814 3949 -
834 3917 867 3963 22
892 3913 1037 3978 δρεπάνοις
1059 3914 1152 3967 relicto
1176 3917 1292 3969 duorum
1317 3923 1342 3970 et

329 3983 471 4036 dimidiati
493 3982 624 4036 uersiculi
647 3982 736 4048 spolio
758 3996 807 4034 ont.
828 3982 855 4034 n
948 3987 979 4034 15
1003 3984 1135 4037 ΟΜΜΑΟ
1159 3986 1341 4040 ΤΡΕΠΟΥΕΑ

330 4054 472 4119 (τρεποῦσ’
490 4052 632 4106 Beothius
651 4052 723 4104 Mae.
741 4051 826 4103 Rhea.
843 4056 926 4115 1881,
945 4054 1012 4119 325)
1033 4054 1060 4104 P
1128 4061 1159 4107 1⁷
1180 4057 1301 4109 ΚΛΔΙΟ(
1316 4057 1345 4110 Ρ

333 4129 364 4175 lb
386 4124 576 4176 ΚΛΛΥΠΤΡΛΙ
595 4125 634 4176 sic
655 4122 682 4173 P
753 4123 1022 4176 comprimorum
1045 4124 1071 4177 Ρ
1141 4129 1227 4191 τομάς
1246 4144 1295 4179 oua
1316 4128 1345 4181 Ρ

331 4198 365 4245 22
384 4193 578 4247 ΔΡΕΠΑΝΟΙ(
597 4194 714 4247 ΤΟΜΑ(
732 4191 760 4243 Ρ
