3322 5190
327 820 350 882 4
720 817 799 874 ΕΔΤ.
817 817 917 874 LIBRI
934 818 947 872 1

329 999 498 1063 gnoscere,
532 980 670 1063 petitum
701 979 975 1064 impetratumque
1002 981 1150 1046 nolumus
1180 986 1217 1045 ut
1248 984 1343 1066 aequi

330 1066 471 1149 bonique
490 1066 670 1149 consulant,
690 1067 718 1130 si
736 1067 769 1129 in
787 1072 900 1131 nostro
916 1089 1061 1131 sermone
1074 1070 1188 1132 natiue
1202 1068 1342 1134 Romani

278 1137 395 1218 130ris
423 1154 587 1237 elegantia
615 1152 819 1218 desideretur.
865 1154 920 1217 sed
944 1176 984 1217 ne
1007 1176 1068 1238 ego
1091 1158 1241 1219 incautus
1264 1179 1345 1237 sum,

350 1240 385 1304 ui
407 1245 614 1305 uenustatem
640 1239 901 1324 reprehensionis
924 1242 1044 1306 incurri
1068 1264 1088 1306 a
1110 1240 1153 1307 Μ.
1178 1245 1343 1326 quondam

328 1262 456 1393 datore
480 1327 645 1413 profectae
669 1330 702 1393 in
726 1327 765 1392 A.
784 1327 950 1394 Annlrlvn
974 1331 1027 1412 qui
1051 1352 1124 1394 cum
1147 1329 1182 1394 L.
1207 1331 1344 1396 Lucullo
1372 1360 1385 1398 s

279 1418 321 1484 14
333 1416 447 1481 consul
486 1416 557 1481 fuit.
615 1415 644 1481 is
682 1415 820 1481 Albinus
857 1434 920 1482 uns
957 1417 1128 1484 nonanis
1166 1435 1344 1484 ousrrosn

332 1501 479 1569 Gnaeos
508 1505 717 1588 scriptitauit.
762 1505 795 1569 in
819 1506 887 1569 eius
910 1522 1096 1571 nrsroursn
1115 1524 1223 1572 sarno
1247 1509 1346 1591 scrip·

330 1599 400 1657 tum
425 1599 476 1657 est
500 1592 540 1657 ad
562 1592 647 1658 hanc
675 1593 870 1658 sententiam
898 1595 1090 1658 neminem
1119 1616 1346 1660 succensere

331 1680 410 1745 sibi
447 1682 674 1764 conuenire,
710 1680 841 1765 siquid
877 1681 915 1745 in
948 1682 1032 1747 illis
1065 1682 1180 1747 libris
1213 1705 1346 1767 parum

330 1768 550 1853 composite
575 1772 641 1833 aut
659 1769 784 1834 minus
802 1769 1005 1853 eleganter
1024 1772 1211 1855 scriptum
1230 1771 1344 1836 foret.
1361 1797 1386 1836 lo

330 1879 417 1921 nam
446 1879 528 1922 sum
551 1857 657 1942 inquit
678 1857 791 1922 homo
815 1856 1007 1923 Romanus
1034 1865 1150 1923 natus
1173 1861 1211 1923 in
1233 1858 1345 1924 Latio

332 1951 372 2010 ot
390 1945 586 2030 eloquium
603 1944 788 2010 Graecum
808 1968 828 2010 a
847 1946 959 2011 nobis
979 1947 1258 2012 alienissimum
1277 1954 1347 2012 est.

331 2035 467 2120 ideoque
482 2035 610 2101 nenium
625 2035 829 2120 gratiamque
844 2036 949 2100 uralae
963 2035 1222 2121 existiluationis,
1241 2036 1346 2122 siquid

277 2116 415 2190 lbessat
437 2127 588 2209 erratum,
614 2124 803 2209 postulauit.
847 2147 886 2189 en
909 2147 981 2189 curu
1004 2126 1139 2210 legisset
1161 2124 1205 2193 M.
1228 2123 1348 2191 Os'l'o:

326 2234 372 2278 ne
409 2216 450 2278 tu
487 2213 592 2299 inquit
623 2213 733 2296 Aule,
769 2214 927 2279 nimium
963 2221 1135 2298 nugator
1167 2238 1220 2299 es,
1257 2238 1382 2281 cumn

327 2301 506 2367 maluisti
530 2303 680 2385 culpam
704 2301 909 2385 deprecari
928 2325 1039 2386 quarn
1059 2304 1174 2386 culpa
1191 2324 1347 2368 uacare:

327 2411 413 2454 nam
445 2393 576 2474 petere
607 2390 759 2454 ueniam
792 2391 960 2455 solemus
992 2396 1059 2454 aut
1089 2413 1170 2456 cunr
1202 2392 1347 2475 impru-

329 2478 463 2543 dentes
486 2478 700 2543 errauimus
719 2483 785 2542 aut
802 2500 885 2543 cum
903 2501 1042 2543 noxam
1061 2480 1224 2563 imperio
1243 2502 1349 2544 com-

328 2565 516 2651 pellentis
549 2566 787 2631 admisimus
838 2572 876 2630 te
908 2566 1016 2650 inquit
1048 2589 1114 2631 oro
1147 2568 1235 2651 quis
1264 2590 1348 2652 per·

329 2653 431 2738 pulit
476 2659 518 2718 ut
562 2653 600 2718 id
646 2653 930 2738 committeres,
975 2655 1075 2737 quod
1117 2657 1385 2740 priusquainen

278 2740 495 2827 litlaceres,
527 2747 679 2825 peteres
712 2747 754 2806 ut
786 2742 1081 2826 ignosceretur?
1133 2764 1219 2808 nunc
1251 2765 1344 2828 argu·

332 2835 486 2914 mentum,
509 2830 594 2912 quod
618 2830 692 2894 huic
716 2831 806 2914 operi
829 2830 984 2912 dedimus,
1006 2832 1097 2895 uelut
1120 2832 1180 2895 sub
1205 2833 1345 2914 quodam

331 2919 464 3002 prologi
488 2918 604 2983 habitu
627 2918 776 2982 dicemus.

294 3005 311 3070 Ι
419 3003 644 3069 Saturnalibus
672 3006 756 3088 apud
781 3004 927 3069 Vettium
958 3006 1198 3069 Praetextatum
1221 3005 1341 3069 Rorna-

329 3112 391 3156 nae
413 3092 597 3156 nobilitatis
620 3113 768 3174 proceres
792 3092 941 3174 doctique
965 3092 1020 3155 alii
1044 3098 1283 3176 congregentur
1306 3095 1341 3155 et
1356 3119 1383 3157 rs

330 3187 458 3264 tempus
472 3178 672 3243 sollemniter
688 3178 840 3242 feriatum
856 3177 1013 3261 deputent
1026 3179 1186 3262 colloquio
1201 3179 1345 3260 liberali,

332 3267 482 3332 conuiuia
505 3289 633 3351 quoque
656 3268 719 3332 sibi
742 3272 854 3332 mutua
877 3267 1032 3331 comitate
1055 3267 1257 3350 praebentes,
1281 3289 1340 3331 nec

301 3355 532 3428 2discedentes
560 3380 580 3421 a
606 3378 641 3421 se
671 3357 734 3422 nisi
767 3356 807 3421 ad
839 3361 1029 3420 nocturnam
1061 3355 1213 3440 quietem.
1268 3377 1345 3420 nam

337 3468 397 3530 per
432 3468 528 3511 omne
564 3447 704 3531 spatium
739 3446 894 3510 feriarum
926 3446 1092 3510 meliorem
1124 3445 1188 3509 diei
1220 3449 1345 3529 partein

341 3535 432 3601 seriis
461 3536 734 3619 disputationibus
762 3540 954 3618 occupantes
982 3556 1079 3600 cenae
1107 3540 1252 3617 tempore
1282 3556 1349 3599 ser·
1364 3562 1391 3601 ee

337 3645 450 3689 mones
474 3623 672 3689 conuiuiales
696 3625 831 3709 agitant,
854 3624 903 3688 ita
925 3627 963 3687 ut
984 3623 1110 3695 nullum
1133 3624 1197 3689 diei
1220 3629 1349 3708 tempus

408 3816 618 3887 beligautiaB'
670 3815 877 3871 bmnrcoBP
925 3815 1096 3885 prolactoB
1148 3817 1273 3871 buulurn
1290 3818 1354 3871 BP

336 3890 440 3945 lucrum
455 3890 515 3943 BP
571 3887 757 3943 sluscensere
777 3889 804 3942 Β
862 3888 984 3955 aliquis
1004 3886 1040 3941 Β
1098 3894 1131 3941 10
1150 3889 1298 3958 elegantur
1317 3890 1351 3943 B'

338 3966 372 4015 14
391 3959 501 4015 marcus
517 3960 544 4015 Β
599 3966 631 4014 18
651 3959 853 4027 compellentes
867 3955 902 4012 Β
959 3964 1013 4017 20α
1032 3959 1060 4012 id
1075 3975 1126 4014 osli.
1146 3960 1174 4013 Ρ
1224 3966 1257 4013 22
1278 3979 1353 4015 men·

337 4035 399 4086 tum
417 4033 449 4085 in
467 4032 662 4100 argumentum
676 4033 708 4084 in
721 4046 775 4084 rus.
791 4031 823 4084 ιἰι
846 4031 870 4082 P
923 4036 957 4083 24
977 4029 1122 4098 utpiumB
1171 4037 1205 4084 26
1226 4029 1352 4100 sollemp-

337 4105 413 4156 mter
431 4101 494 4155 BP
554 4101 685 4155 ferratum
703 4102 735 4155 in
751 4117 806 4155 ras.
825 4101 853 4154 P
912 4106 946 4154 sl
966 4100 1261 4166 connruraqueirbrP
1319 4107 1353 4154 80

338 4188 423 4226 caena
442 4172 479 4238 B,
498 4188 566 4244 oqnq
585 4173 620 4240 (el
638 4172 678 4226 sic
694 4174 808 4238 seraper)
863 4175 896 4223 31
916 4169 1082 4224 conuiuales
1096 4167 1131 4224 1¹
