3322 5190
389 848 457 914 462
765 846 842 903 ΒΔΤ.
862 847 960 902 LIBRI
978 847 1029 904 Vll

392 1011 488 1092 citur,
516 1015 679 1097 posteram
711 1011 760 1073 sui
784 1013 923 1092 partem,
951 1029 1022 1074 eum
1054 1009 1205 1092 discedit,
1227 1008 1402 1088 ostendere,

392 1102 430 1162 ut
457 1097 550 1161 laeua
574 1098 697 1162 laeuam
723 1096 853 1160 dextera
877 1097 1042 1160 dexteram
1065 1096 1226 1179 respiciat.
1271 1118 1347 1160 uam
1371 1100 1404 1159 et

391 1184 507 1251 histrio
527 1206 698 1268 personum
720 1184 782 1249 sibi
802 1182 979 1248 detractam
998 1207 1035 1248 ex
1055 1206 1094 1248 ea
1111 1190 1203 1268 parte
1223 1184 1321 1267 uidet,
1340 1206 1403 1267 qua

398 1275 515 1357 induit,
538 1273 661 1338 scilicet
684 1294 748 1337 non
767 1273 881 1336 faeiem
905 1272 960 1336 sed
983 1273 1195 1358 posteriorem
1222 1293 1404 1338 cauernam.

366 1363 387 1428 8
399 1361 512 1429 deinde
526 1363 728 1446 interrogare
741 1362 826 1425 bmrc
839 1361 945 1424 uirum
960 1361 1085 1444 uellem,
1099 1383 1140 1425 an
1155 1366 1232 1425 tune
1244 1361 1404 1446 imagines
1431 1377 1445 1417 ι

393 1474 411 1515 e
434 1451 531 1515 rebus
555 1450 697 1527 euoluut,
720 1471 792 1513 cum
812 1453 871 1530 est,
895 1449 949 1530 qui
974 1449 1054 1512 uelit
1072 1449 1190 1531 uidere,
1212 1471 1254 1512 an
1278 1456 1403 1513 etcum

361 1537 501 1603 9uullns
532 1537 662 1619 aspicit,
694 1538 835 1600 emicant
868 1533 1010 1618 undique
1043 1536 1235 1600 simulacra?
1262 1556 1337 1599 nam
1366 1538 1403 1612 si,

393 1625 479 1710 quod
515 1625 655 1707 primum
692 1624 771 1707 diri,
808 1628 931 1705 teuent,
970 1645 1104 1707 quaero,
1141 1624 1231 1688 euius
1266 1623 1403 1706 imperio

393 1713 566 1779 simulacra
601 1718 731 1796 praesto
774 1713 841 1776 sint
877 1712 1030 1796 intuenti,
1071 1720 1104 1776 et
1146 1713 1295 1797 quotiens
1332 1712 1403 1796 quis

392 1803 534 1867 uoluerit
552 1823 610 1865 ora
633 1806 830 1884 conuertere,
854 1801 972 1864 totiens
996 1822 1030 1864 se
1054 1806 1088 1863 et
1109 1801 1168 1865 illa
1191 1801 1403 1866 conuertunt?
1419 1817 1444 1856 1⁰

342 1892 385 1957 10
395 1891 423 1956 si
447 1888 621 1955 secuudum
640 1888 817 1970 inhaereat,
839 1894 877 1952 ut
896 1886 983 1952 dicat
1000 1893 1155 1973 perpetuo
1173 1888 1274 1953 fluore
1296 1911 1404 1953 rerum

395 1977 541 2043 omnium
566 1998 698 2041 manare
721 1975 907 2058 simulacra,
932 1998 1066 2059 quaero,
1090 1999 1186 2062 quam
1211 1977 1265 2040 diu
1288 1977 1404 2042 cohae-

394 2067 500 2132 rentia
521 2071 722 2150 permanent,
745 2065 834 2129 nullo
862 2065 997 2149 coagulo
1022 2066 1132 2131 iuncta
1155 2065 1195 2130 ad
1214 2089 1402 2151 permaneu-

395 2154 493 2220 dum?
544 2159 601 2218 aut
632 2155 659 2219 si
693 2176 822 2219 manere
854 2153 1048 2238 dederimus,
1081 2177 1175 2239 quem
1204 2156 1244 2220 ad
1273 2157 1403 2220 modurn

394 2244 536 2332 aliquem
573 2243 759 2310 retinebunt
791 2242 944 2328 colorem,
977 2244 1066 2308 euius
1098 2249 1214 2309 natura
1251 2266 1323 2309 cunr
1361 2245 1444 2310 situ

394 2335 591 2418 incorporea,
615 2340 723 2398 tamen
743 2354 917 2417 numquam
937 2338 1046 2416 potest
1069 2355 1139 2398 esse
1159 2334 1227 2398 sine
1246 2336 1405 2418 corpore?

343 2425 382 2488 11
395 2423 467 2488 dein
500 2421 572 2506 quis
605 2426 713 2504 potest
744 2421 779 2485 in
810 2421 954 2485 animum
987 2421 1152 2507 inducere,
1183 2423 1278 2487 simul
1309 2428 1405 2508 atque

395 2510 505 2577 oculos
529 2511 681 2593 uerteris,
704 2510 865 2574 incurrere
888 2509 1047 2594 imagines
1072 2510 1153 2575 caeli
1177 2511 1275 2575 maris
1299 2511 1405 2576 litoris

395 2599 479 2684 prati
512 2599 644 2663 uauium
678 2598 835 2683 pecudum
864 2603 898 2662 et
928 2599 1213 2663 innumerabilium
1242 2605 1405 2684 praeterea

394 2711 514 2766 rerum,
544 2710 625 2770 quas
651 2709 712 2750 uuo
746 2686 911 2751 oculorum
944 2688 1031 2751 iactu
1063 2688 1224 2770 uidemus,
1258 2712 1330 2753 eum
1363 2690 1446 2752 situ

394 2777 529 2862 pupula,
554 2799 636 2861 (quae
660 2776 730 2840 uisu
756 2776 870 2859 pollet,
898 2777 1016 2859 oppido
1042 2777 1166 2860 parua?
1212 2784 1244 2841 et
1267 2800 1404 2860 quouam

395 2866 491 2930 ruodo
511 2871 598 2930 totus
623 2866 780 2929 exereitus
800 2865 940 2929 uisitur?
964 2889 1004 2929 au
1028 2867 1066 2930 de
1092 2868 1227 2950 siugulis
1248 2867 1405 2930 militibus

395 2955 541 3039 profecta
576 2955 751 3017 simulacre
779 2976 813 3016 se
841 2960 1033 3036 congerunt,
1067 2960 1163 3038 atque
1192 2956 1239 3017 ita
1271 2956 1406 3019 collecta

345 3045 386 3108 12
397 3043 547 3107 tutmilia
557 3049 728 3125 penetrarit
742 3042 851 3105 oculos
867 3042 1044 3105 intuentis?
1060 3043 1114 3105 sed
1130 3042 1205 3125 quid
1221 3042 1405 3106 laboramus

397 3131 583 3213 opinionem
607 3132 653 3194 sic
677 3132 804 3194 inanem
829 3131 935 3193 uerbis
960 3131 1143 3212 uerberare,
1171 3153 1242 3194 curu
1266 3132 1336 3213 ipsa
1361 3132 1404 3194 rei
1420 3144 1444 3183 ²⁵

397 3220 525 3284 uanitaa
554 3243 588 3283 se
612 3218 761 3283 refellat?
808 3223 938 3283 constat
968 3223 1074 3282 autern
1100 3219 1204 3282 uisum
1227 3220 1321 3283 uobis
1344 3220 1405 3283 hee

344 3308 568 3392 13proueuire
596 3309 728 3373 ratione.
774 3308 950 3391 geuuiuuur
981 3309 1089 3371 lumen
1118 3331 1134 3371 e
1163 3309 1298 3391 pupula,
1331 3332 1404 3392 qua-

396 3419 533 3479 cumque
554 3420 623 3461 eaur
640 3397 785 3479 uerteris,
800 3397 923 3461 directa
937 3398 1022 3461 linea
1037 3398 1162 3461 emicat.
1195 3397 1225 3460 id
1242 3397 1405 3461 oculorum

397 3484 610 3549 domesticum
649 3485 843 3568 profluuium
877 3486 906 3548 si
940 3487 1115 3568 reppererit
1148 3486 1181 3549 iu
1215 3487 1405 3550 circumfuso

396 3574 491 3638 uobis
517 3596 589 3637 aere
614 3574 725 3653 lucem,
749 3596 805 3656 per
828 3595 898 3636 eum
923 3574 1069 3637 directim
1093 3576 1208 3659 porgit,
1232 3597 1326 3658 quam
1351 3576 1405 3638 diu
1420 3589 1446 3627 ⁸⁰

397 3683 513 3744 eorpus
534 3661 684 3743 offendat,
704 3666 736 3724 et
755 3663 782 3724 si
802 3662 915 3724 faeiem
936 3663 1078 3744 neruus,
1103 3669 1138 3726 ut
1156 3664 1406 3744 circumspicies

397 3750 569 3833 utrobique
593 3750 677 3812 ecies
702 3749 828 3813 uidendi
858 3750 979 3813 directa
1006 3751 1161 3831 procedit.
1206 3753 1275 3834 ipse
1299 3758 1405 3814 autem

396 3838 514 3921 iactus,
544 3860 638 3921 quem
668 3838 807 3901 diximus
836 3836 873 3899 de
901 3839 1020 3901 nostris
1050 3839 1150 3901 oeulis
1179 3839 1328 3919 emicare',
1357 3841 1405 3902 iu-

396 3925 518 4008 cipiens
543 3926 670 3989 atenui
695 3926 799 3989 radice
823 3926 856 3987 in
882 3948 1007 3988 summa
1030 3926 1067 3989 fit
1092 3928 1195 4009 latior,
1219 3927 1301 3989 sicut
1326 3928 1406 3989 radii

468 4140 606 4204 aparte*
626 4136 653 4189 P
713 4136 864 4189 deuolant
885 4136 912 4188 Ρ
973 4135 1077 4204 8qu1d
1096 4134 1130 4188 P'
1197 4141 1229 4188 12
1250 4150 1360 4189 manere
1382 4136 1410 4188 P

399 4212 431 4260 13
452 4207 547 4261 uincta
568 4208 596 4260 P
648 4210 682 4260 29
701 4205 872 4262 domesticee
893 4207 921 4258 P
