3322 5190
758 923 771 979 1
790 927 860 981 1-a
1246 921 1313 989 583

298 1091 414 1169 terra,
429 1108 542 1170 nona,
559 1086 763 1154 inmobilis
777 1109 950 1171 manens,
967 1107 1042 1152 uua
1061 1085 1148 1152 sede
1163 1107 1313 1172 semper

298 1174 431 1239 haeret
463 1176 650 1261 conplexa
690 1176 819 1241 mundi
856 1175 1021 1241 medium
1053 1175 1188 1241 locum.
1248 1173 1312 1240 illi

298 1267 424 1329 autem
455 1267 541 1329 octo
573 1285 723 1350 cursus,
754 1263 794 1329 in
827 1263 966 1349 quibus
998 1263 1130 1329 eadem
1157 1263 1221 1329 uis
1249 1266 1312 1331 aet

297 1349 470 1438 duorum,
488 1355 635 1438 septem
655 1352 839 1419 efficiunt
856 1351 1067 1418 distinctos
1082 1352 1311 1419 interuallis

270 1460 427 1528 rsonos,
449 1442 510 1527 qui
534 1463 714 1508 numerus
737 1463 862 1508 rerum
885 1441 1054 1508 omnium
1081 1440 1163 1508 fere
1185 1442 1311 1508 nodus

297 1533 366 1597 eat.
411 1530 509 1616 quod
534 1530 638 1598 docti
660 1531 838 1598 homines
862 1530 993 1597 neruis
1020 1529 1170 1596 imitati
1194 1533 1310 1617 atque
1380 1543 1383 1549 '

296 1618 478 1686 cantibus
524 1625 761 1705 aperuerunt
806 1619 881 1685 sihi
918 1619 1083 1686 reditum
1124 1620 1164 1685 in
1210 1619 1310 1686 huno

296 1708 430 1774 locum.
484 1710 631 1794 exposito
671 1709 881 1794 sphaerarum
918 1707 1029 1775 ordine
1067 1711 1221 1794 motuque
1254 1708 1342 1776 da·4

297 1799 434 1882 scripto,
464 1821 527 1884 quo
559 1801 684 1884 septem
716 1798 880 1864 subiectae
916 1798 950 1863 in
986 1797 1185 1863 contrarium
1218 1798 1309 1864 caelo

256 1907 283 1946 so
296 1887 443 1952 seruntur
474 1909 674 1973 consequens
697 1890 761 1971 est,
787 1891 825 1952 ut
851 1886 981 1973 qualem
1006 1907 1120 1952 sonum
1142 1889 1308 1952 tantarum

296 1976 429 2041 molium
448 1976 597 2062 inpulsus
616 1976 746 2060 efficiat,
763 1975 817 2041 hio
835 1975 1027 2060 requiratur.
1072 1996 1112 2039 ax
1130 1974 1202 2059 ipso
1221 1975 1340 2043 enimb

296 2064 514 2129 circumducto
548 2064 675 2129 orbium
707 2085 824 2129 sonum
857 2063 949 2128 nasci
976 2084 1106 2128 necessa
1135 2066 1201 2145 est,
1232 2063 1310 2149 quia

295 2172 465 2234 percussus
489 2173 544 2216 aer
562 2151 635 2235 ipso
653 2151 838 2216 interuentu
862 2151 945 2216 ictus
964 2151 1031 2214 uim
1052 2150 1090 2215 de
1114 2171 1149 2215 se
1168 2150 1309 2235 fragoris

296 2239 418 2302 emittit
448 2240 522 2322 ipsa
553 2242 690 2323 cogente
721 2241 853 2320 natura,
889 2239 926 2302 ut
958 2237 993 2301 in
1025 2258 1141 2303 sonum
1180 2237 1309 2303 desinat

257 2342 282 2384 re
297 2326 433 2391 duorum
453 2346 625 2410 corporum
643 2326 789 2391 uiolenta
806 2324 952 2391 conlisio.
990 2322 1045 2389 scd
1068 2324 1097 2388 is
1120 2346 1230 2408 conus,
1252 2325 1308 2409 qui

296 2437 335 2479 ax
354 2413 580 2500 qualicumque
604 2415 687 2481 aeris
705 2414 772 2481 ictu
790 2413 944 2498 nascitur,
963 2414 1020 2478 aut
1042 2412 1134 2478 dulce
1154 2411 1307 2499 quiddam

295 2504 329 2569 in
352 2526 446 2570 auras
469 2509 503 2570 et
526 2504 684 2570 musicum
708 2503 822 2587 defert,
849 2506 908 2568 aut
933 2501 1079 2588 ineptum
1103 2504 1137 2568 at
1155 2523 1307 2589 asperum

296 2596 400 2659 sonat
452 2616 528 2658 nam
564 2594 592 2659 si
623 2593 724 2660 ictum
764 2593 950 2659 obseruatio
982 2613 1188 2657 numerorum
1217 2595 1338 2662 cartud

295 2681 488 2765 moderetur,
506 2682 711 2768 conpositum
730 2681 858 2766 sibique
876 2681 1082 2747 consantiens
1101 2679 1308 2747 modulamen

253 2788 282 2829 ao
295 2770 452 2853 educitur,
475 2775 512 2835 at
529 2792 603 2834 cum
626 2771 772 2853 increpat
789 2768 1002 2833 tumultuario
1025 2772 1057 2832 et
1078 2767 1177 2833 nullis
1200 2768 1307 2834 modis

294 2858 477 2942 gubernata
517 2857 668 2941 conlisio,
707 2856 821 2940 fragor
861 2855 1010 2922 turbidus
1047 2858 1081 2919 et
1119 2853 1306 2921 inconditus

294 2944 433 3011 offendit
459 2945 614 3010 auditum.
665 2946 700 3009 in
728 2944 817 3009 caelo
846 2947 955 3010 autam
983 2945 1113 3009 constat
1133 2942 1216 3008 nihil
1238 2943 1336 3013 for-l

292 3034 423 3116 tultum,
441 3034 522 3099 nihil
536 3033 785 3099 tumultuarium
800 3032 979 3119 prouenire,
998 3031 1053 3097 scd
1068 3029 1221 3098 uniuersa
1237 3031 1307 3100 illio

293 3122 414 3189 diuinis
436 3124 564 3209 legibus
594 3127 626 3190 at
653 3125 779 3190 statuta
806 3123 932 3190 ratione
960 3120 1142 3209 procedere.
1188 3143 1226 3188 ex
1253 3121 1306 3190 his

252 3230 280 3273 ae
293 3214 538 3368 inexpupuabili
569 3213 817 3282 ratiocinatione
854 3214 1022 3281 collectum
1068 3215 1133 3293 est,
1165 3211 1307 3280 musicos

295 3325 392 3370 sonos
433 3326 450 3369 e
465 3304 677 3390 sphaerarum
696 3304 885 3370 caelestium
900 3304 1110 3369 conuersioue
1123 3301 1307 3387 procedere,

294 3393 370 3478 quia
403 3397 436 3458 et
465 3414 581 3459 sonum
614 3415 653 3459 er
683 3398 773 3459 motu
805 3392 876 3458 fieri
903 3413 1034 3458 necesse
1062 3394 1125 3474 est,
1152 3393 1186 3456 at
1212 3391 1308 3474 ratio,

293 3505 376 3567 quae
400 3481 517 3548 diuinis
540 3481 636 3567 inest,
658 3482 696 3547 fit
718 3504 799 3547 aono
823 3503 921 3547 causa
944 3480 1182 3547 modulaminis.
1228 3479 1338 3550 haecd

292 3571 496 3657 Pythagoras
524 3571 648 3656 primus
677 3570 822 3636 omnium
851 3569 969 3635 Graiae
1002 3569 1109 3655 gentis
1137 3568 1307 3636 hominum

252 3681 280 3721 ao
295 3666 401 3725 mente
425 3663 580 3744 concepit,
603 3662 637 3724 et
659 3659 822 3725 intellexit
840 3657 971 3743 qnidam
991 3658 1196 3741 conpositum
1219 3659 1310 3743 quid·

293 3749 369 3812 dum
393 3748 432 3811 de
456 3747 604 3831 sphaeris
627 3768 743 3812 sonara
762 3751 896 3831 propter
913 3746 1143 3811 necessitatem
1163 3745 1309 3831 rationis,

293 3876 342 3884 ...ω
346 3872 507 3882 ...σο-..-

366 3945 380 3992 1
400 3936 555 3993 immobrlrs
569 3937 598 3992 P
618 4008 624 4022 ι
649 3943 666 3992 8
685 3935 832 4007 complexa
849 3935 879 3992 P
928 3935 1096 4007 dduornm]
1114 3933 1259 3990 modorum
1282 3935 1311 3989 P

292 4009 854 4148 irdiiiiassemilairnipiriliiilffmih
863 4005 1173 4148 {erogrrlpserprrpp‘roellp
1191 4011 1309 4131 trinitat

292 4151 325 4204 in
343 4149 370 4202 B
426 4152 459 4202 14
478 4146 608 4218 delrgnat
625 4145 662 4203 P'
719 4152 752 4201 1⁶
770 4146 1008 4203 aucolhnoB
1064 4152 1096 4202 17
1110 4164 1139 4201 rn
1153 4142 1308 4200 sanburn

295 4226 328 4274 19
343 4218 539 4287 compohtoP
591 4224 625 4273 23
640 4219 680 4274 lat
694 4219 722 4274 B
776 4224 810 4273 26
824 4211 1064 4288 expugnabrlrlP'
1119 4221 1178 4270 auc
1196 4214 1308 4271 laltrum

295 4291 435 4360 sperarum
454 4288 481 4342 B
535 4295 570 4344 29
585 4288 739 4360 pytagoras
748 4290 777 4345 B
828 4293 864 4343 ³0
880 4286 1037 4358 compohtu
1053 4287 1080 4342 l’
1132 4291 1165 4341 81
1192 4285 1269 4356 perri
1279 4287 1309 4342 B
