3322 5190
330 804 374 870 26
727 804 803 862 ΕΔΤ.
823 803 921 860 LIBRI
940 803 953 858 1

331 966 438 1031 bulla
464 987 580 1031 auree
607 986 650 1031 ac
677 969 904 1050 praetextae
932 965 1154 1050 insignibus
1181 965 1347 1032 honora·

330 1059 418 1120 tum.
464 1054 496 1118 is
519 1055 619 1118 enirn
643 1075 723 1119 cum
747 1057 879 1138 raptas
906 1053 951 1119 ed
976 1053 1260 1119 consolandum
1282 1076 1349 1121 uo·

332 1145 471 1225 cesset,
493 1142 750 1226 spopondisse
768 1141 892 1207 fertur
910 1162 949 1207 ee
967 1142 1050 1207 eius
1069 1141 1230 1220 infanti,
1249 1164 1348 1227 quae

329 1231 454 1314 prima
485 1230 560 1295 sibi
593 1230 716 1296 ciuem
747 1229 958 1295 Romanum
991 1232 1094 1295 esset
1126 1231 1252 1314 enixe,
1289 1231 1348 1295 in·

330 1318 455 1383 luetre
479 1339 613 1383 munus
637 1319 824 1384 daturum.
1375 1337 1389 1378 a

279 1411 320 1475 17
420 1404 495 1471 Non
518 1407 600 1471 nulli
624 1406 757 1472 eredunt
775 1405 923 1492 ingenuis
943 1405 1051 1490 pueris
1071 1404 1282 1489 adtributum,
1307 1408 1345 1472 ut

331 1494 459 1562 cordis
496 1493 665 1580 figuram
702 1496 742 1560 in
779 1496 885 1560 bulla
921 1497 1010 1560 ante
1041 1497 1176 1579 pectus
1208 1494 1348 1560 aduec-

331 1589 472 1668 terent,
496 1606 607 1669 quam
632 1584 888 1669 inspicientes
912 1584 969 1650 ita
992 1583 1139 1648 demum
1163 1604 1200 1648 se
1223 1583 1347 1650 homi·

330 1695 397 1738 nes
416 1673 651 1758 cogitarent,
675 1673 707 1739 si
731 1672 844 1739 corde
862 1676 1121 1758 praestarent,
1139 1676 1348 1757 togamque

329 1765 573 1847 praetextam
592 1762 653 1826 his
673 1761 858 1846 additam,
881 1765 922 1826 ut
940 1784 983 1826 ex
1002 1781 1191 1845 purpurae
1206 1761 1347 1826 rubore
1362 1785 1388 1824 ro

331 1851 595 1935 ingenuitatis
619 1851 761 1936 pudore
784 1853 1019 1936 regerentur.

279 1943 320 2008 18
420 1937 569 2003 Diximus
598 1939 681 2004 unde
710 1941 926 2023 praetexta,
957 1937 1133 2002 adiecimus
1160 1940 1193 2000 et
1221 1957 1347 2022 causas,

332 2026 449 2111 quibus
468 2028 661 2092 aestimatur
679 2048 833 2093 concessa
850 2026 1022 2112 pueritiae:
1045 2047 1130 2090 nuuc
1150 2025 1233 2090 ideur
1253 2025 1346 2090 habi-

332 2119 384 2179 tus
409 2136 473 2200 quo
497 2120 690 2199 argumento
713 2116 880 2179 transierit
902 2115 937 2178 in
959 2136 1054 2179 usum
1072 2115 1213 2179 nominis
1232 2116 1346 2198 paucis

279 2209 320 2272 19
331 2201 557 2285 explicandum
572 2206 630 2268 eat.
664 2225 734 2267 mos
753 2206 850 2267 antea
869 2202 1073 2268 senatoribus
1093 2203 1155 2267 fuit
1173 2203 1346 2268 incuriam
1362 2226 1387 2266 n

332 2310 406 2354 eum
438 2291 650 2372 praetextatis
683 2290 760 2353 filiis
792 2290 935 2354 introire.
985 2311 1057 2353 cum
1088 2291 1122 2352 in
1150 2294 1265 2354 senatu
1292 2313 1346 2355 ree

332 2377 444 2458 maior,
455 2377 626 2460 quaepiam
642 2377 897 2460 consultabatur,
916 2399 1018 2461 eaque
1032 2376 1065 2440 in
1080 2375 1165 2440 diem
1180 2381 1347 2462 posterum

330 2464 459 2548 prolata
487 2468 550 2546 eat,
578 2464 703 2547 placuit
729 2469 766 2529 ut
792 2465 877 2529 hanc
904 2487 986 2548 rem,
1013 2486 1110 2548 super
1137 2486 1202 2548 qua
1228 2468 1347 2531 tracta-

330 2553 467 2636 uissent,
498 2553 613 2636 nequis
646 2554 842 2639 enuntiaret,
873 2553 1062 2639 priusquam
1095 2553 1224 2618 decreta
1251 2559 1347 2621 esset.

277 2647 435 2714 20mater
463 2641 585 2727 Papirii
617 2644 720 2729 pueri,
753 2645 807 2730 qui
840 2666 912 2708 cunr
946 2649 1077 2728 parente
1106 2667 1164 2709 suo
1193 2644 1227 2709 in
1255 2646 1387 2711 euriaco

331 2732 447 2816 iuerat,
472 2736 680 2816 percontatur
702 2734 805 2799 lilium
828 2735 982 2818 quidnam
1007 2735 1040 2799 in
1064 2738 1177 2798 senatu
1201 2734 1348 2819 egissent

333 2827 453 2909 patres.
498 2846 578 2906 puer
610 2824 777 2908 respoudit
804 2824 974 2889 tacendum
1001 2847 1072 2889 osse
1100 2846 1204 2909 nequo
1228 2825 1259 2889 id
1284 2826 1345 2891 dici

331 2913 436 2977 licere.
483 2911 600 2975 mulier
626 2914 664 2976 fit
691 2913 841 2977 audiendi
870 2913 1029 2996 cupidior:
1058 2918 1217 2977 secretum
1242 2916 1289 2978 rei
1313 2919 1346 2979 et

332 2999 496 3064 silentium
515 3001 608 3083 pueri
622 3001 766 3066 animum
782 3003 851 3066 eius
866 3001 907 3065 ad
922 3001 1148 3084 inquirendum
1163 3002 1345 3067 euerberat:

276 3095 317 3157 21
330 3089 457 3171 quaerit
487 3088 589 3170 igitur
620 3090 835 3173 compressius
868 3089 1116 3172 uiolentiusque.
1166 3092 1237 3153 tum
1266 3110 1384 3173 pucras

331 3178 467 3258 urgente
491 3179 595 3239 matre
617 3175 715 3260 lepidi
738 3182 836 3260 atque
859 3176 969 3241 festini
992 3176 1151 3240 mendacii
1170 3177 1343 3242 consilium

330 3263 429 3347 capit.
473 3267 581 3328 actum
605 3264 639 3327 in
668 3270 783 3328 senatu
807 3265 890 3329 dixit
912 3271 1021 3329 utrum
1044 3264 1208 3328 uideretur
1231 3265 1342 3330 utilius

330 3353 499 3435 magisque
527 3373 544 3415 e
573 3373 607 3415 re
634 3351 766 3437 publica
794 3375 878 3436 esse,
906 3375 1029 3417 unusne
1058 3356 1096 3416 ut
1122 3352 1202 3416 duae
1226 3375 1342 3417 uxores

276 3439 480 3523 22haberet,
509 3463 549 3504 an
579 3444 702 3506 utana
725 3441 811 3524 apud
834 3442 916 3506 duos
939 3445 1042 3526 nupta
1064 3444 1157 3506 esset
1202 3441 1263 3506 lroc
1286 3442 1342 3507 illa

330 3530 385 3594 ubi
411 3529 544 3614 audiuit,
567 3530 676 3594 auimo
699 3531 928 3614 compauescit,
952 3530 1047 3595 domo
1068 3530 1232 3615 trepidans
1252 3552 1340 3616 egre·
1355 3550 1383 3592 ao

329 3617 433 3701 ditur,
466 3619 507 3683 ad
540 3621 662 3681 ceteras
695 3622 859 3683 matronas
892 3618 1013 3703 adfert,
1048 3619 1268 3704 postridieque
1301 3621 1341 3685 ad

330 3712 479 3771 senatum
508 3705 658 3791 copiosae
686 3708 969 3773 matrumfamilias
993 3713 1143 3774 cateruae
1167 3709 1343 3775 confluunt.

328 3795 539 3860 lacrimantes
567 3800 665 3880 atque
694 3797 901 3863 obsecrantes
930 3804 1037 3883 orant,
1070 3821 1135 3864 uua
1167 3800 1276 3882 potine
1304 3805 1342 3864 ut

400 3953 598 4008 ‘ladueeteret
614 3951 650 4006 Bl
716 3960 746 4009 11
768 3953 957 4024 ingenuitates
973 3953 1006 4006 1⁷
1078 3960 1110 4009 lt
1130 3959 1195 4011 ante
1216 3958 1244 4010 P
1308 3964 1339 4012 17

327 4025 468 4094 posterum
486 4025 560 4079 diem
574 4024 626 4094 (P)
680 4031 713 4080 18
732 4025 842 4080 elsetP
894 4032 927 4081 25
946 4026 1104 4094 quaeniB
1158 4034 1192 4082 ‘29
1210 4029 1345 4085 autduas

327 4093 364 4221 ᾗ
385 4094 835 4223 002i0ssg⁰1fieiyp⁰stind¹⁰qu⁰
854 4098 881 4150 B
935 4096 1094 4166 etcopiose
1108 4098 1136 4152 P
1187 4103 1302 4157 caterua
1316 4101 1345 4155 P
