3322 5190
316 860 383 927 486
543 857 657 916 COlffl.
677 858 715 913 IN
735 856 844 913 SOMN.
864 856 949 914 SClP.
968 857 1067 913 LIBRI
1087 856 1099 911 l

320 1022 450 1106 publica
485 1021 652 1105 persuasio
689 1020 891 1104 quiescentes
929 1019 1080 1104 opinatur
1114 1018 1266 1084 inuadere
1298 1023 1332 1083 et

290 1111 310 1174 8
321 1110 460 1194 pondere
479 1131 537 1174 suo
557 1130 687 1192 pressos
706 1130 743 1173 ac
762 1108 938 1173 sentientes
957 1129 1103 1194 grauate.
1136 1107 1188 1171 his
1206 1106 1332 1171 duobus

321 1198 426 1266 modis
444 1198 484 1264 ad
503 1199 627 1264 nullam
647 1197 799 1262 noscendi
818 1196 918 1261 futuri
942 1217 1036 1280 opem
1056 1196 1204 1280 receptis,
1226 1195 1332 1260 tribus

321 1286 436 1353 ceteris
464 1287 497 1351 in
524 1286 691 1373 ingenium
725 1285 933 1351 diuinationis
966 1285 1167 1350 instruimur.
1217 1288 1251 1348 et
1283 1289 1334 1348 est

321 1377 519 1443 oraculum
548 1376 691 1459 quidem,
719 1396 790 1439 cum
818 1374 852 1439 iu
880 1374 1004 1439 somnis
1035 1396 1152 1459 parens
1187 1373 1238 1438 uel
1268 1373 1371 1438 aliae

322 1469 434 1530 sancta
457 1464 609 1549 manuue
637 1484 776 1547 persona
804 1484 860 1527 seu
884 1462 1034 1527 sacerdos
1058 1462 1109 1527 uel
1133 1463 1231 1527 etiam
1256 1461 1333 1526 deus

323 1556 433 1638 aperte
455 1555 643 1618 euenturum
664 1551 742 1635 quid
766 1556 906 1616 autnon
926 1553 1127 1633 euenturum,
1150 1548 1333 1616 laciendum

291 1640 532 1707 tlnitandumus
556 1640 734 1705 denuntiat.
771 1640 871 1704 uisio
895 1644 946 1703 est
969 1643 1086 1723 autem,
1109 1661 1182 1704 cunr
1206 1637 1237 1702 id
1261 1639 1334 1722 quis

324 1730 425 1813 uidet,
457 1730 542 1814 quod
575 1728 687 1794 eodem
720 1728 829 1811 modo,
861 1749 924 1811 quo
958 1734 1165 1812 apparuerat,
1198 1728 1335 1792 eueniet.

325 1819 463 1883 amicum
486 1837 619 1902 peregre
642 1819 911 1900 commorantem,
938 1837 1033 1899 quem
1063 1837 1128 1879 non
1157 1814 1375 1900 cogitabatur

326 1907 415 1969 uisus
439 1904 503 1969 sibi
525 1906 575 1969 est
597 1925 762 1968 reuersum
790 1903 913 1985 uidere,
936 1908 968 1966 et
996 1903 1182 1987 procedenti
1211 1904 1336 1987 obuius,

327 2013 422 2077 quern
444 1991 580 2075 uiderat,
603 1992 692 2056 uenit
715 1991 748 2055 in
768 1992 944 2075 amplexus,
967 1991 1148 2075 depositum
1172 1992 1204 2056 in
1227 1993 1336 2075 quiete

328 2080 471 2164 suscepit
499 2085 532 2144 et
559 2081 738 2145 matutinus
762 2080 791 2144 ei
819 2084 966 2163 precator
995 2080 1149 2163 occurrit,
1178 2080 1335 2144 mandans

328 2170 481 2255 pecuniae
496 2169 632 2232 tutelam
648 2173 680 2232 ct
694 2167 775 2232 fidae
790 2168 955 2232 custodiae
969 2169 1104 2233 celanda
1118 2169 1336 2233 committens

277 2257 512 2323 10somnium
537 2257 666 2341 proprie
686 2261 829 2341 uocatur,
852 2256 937 2339 quod
957 2258 1040 2339 tegit
1062 2257 1174 2342 liguris
1194 2262 1227 2321 et
1250 2259 1338 2322 uelat
1352 2275 1376 2315 re

328 2344 520 2427 ambagibus
566 2366 632 2408 non
677 2343 739 2407 nisi
780 2344 1047 2427 interpretatione
1085 2344 1337 2429 intellegendam

327 2433 601 2516 significationem
621 2433 675 2514 rei,
698 2453 779 2515 quae
802 2432 1052 2514 demonstratur,
1076 2432 1162 2517 quod
1181 2434 1276 2516 quale
1296 2436 1339 2498 ait

326 2543 392 2586 non
416 2542 436 2584 a
459 2521 554 2585 nobis
577 2519 800 2602 exponendum
824 2524 887 2601 est,
915 2542 987 2583 cum
1011 2518 1073 2584 hoc
1097 2543 1179 2584 unus
1203 2521 1338 2605 quisque

328 2630 366 2672 ex
384 2629 454 2691 usu,
472 2606 550 2690 quid
569 2608 623 2687 sit,
641 2610 807 2690 agnoscat.
839 2606 934 2671 buius
953 2607 1094 2692 quinque
1113 2615 1189 2672 sunt
1207 2609 1338 2693 species.

329 2699 386 2762 aut
418 2696 504 2760 enirn
536 2696 734 2779 proprium
767 2699 824 2759 aut
856 2696 1024 2760 alienum
1056 2701 1112 2760 aut
1145 2715 1379 2762 communem

279 2789 386 2853 llaut
419 2785 615 2872 publicum
650 2791 706 2850 arnt
739 2787 919 2870 generale
953 2792 1009 2852 cst.
1056 2787 1250 2872 proprium
1282 2795 1339 2873 est,

329 2900 401 2942 cum
430 2900 464 2942 sc
492 2876 563 2960 quis
592 2876 762 2940 facientem
791 2877 1008 2959 patientemne
1041 2878 1162 2962 aliquid
1191 2879 1340 2959 somniat,

331 2966 496 3030 alienum
530 2986 601 3028 cum
636 2964 749 3047 alium,
782 2986 976 3029 commuue
1005 2989 1077 3030 curn
1107 2989 1140 3030 se
1174 2989 1237 3030 una
1266 2989 1338 3031 curn

331 3055 409 3135 alio,
439 3054 634 3138 publicum
663 3058 713 3116 est
741 3075 812 3116 cnm
838 3054 963 3117 ciuitati
992 3054 1103 3117 foroua
1133 3055 1182 3117 uel
1211 3054 1339 3119 theatro

332 3164 386 3205 seu
412 3141 610 3225 quibuslibet
634 3142 770 3223 publicis
795 3142 962 3207 moenibus
986 3143 1152 3205 actibnsue
1176 3143 1267 3205 triste
1287 3144 1338 3207 uel
1367 3161 1384 3200 2³

331 3231 450 3293 laetum
479 3230 554 3313 quid
583 3230 735 3293 aestimat
767 3231 934 3309 accidisse,
963 3231 1143 3314 gencrale
1172 3235 1235 3307 est,
1267 3253 1338 3295 cunr

332 3319 415 3382 circa
443 3319 521 3381 solis
550 3319 660 3381 orbem
685 3319 872 3381 lunarcmue
901 3318 1032 3402 globum
1057 3341 1112 3381 seu
1141 3319 1206 3382 alia
1234 3319 1341 3384 sidera

333 3408 382 3471 uel
404 3408 527 3471 caeluni
548 3429 699 3470 omnesne
719 3411 822 3471 terras
842 3407 961 3491 aliquid
982 3408 1123 3471 somniat
1138 3407 1340 3473 innonaturn.

281 3496 392 3560 l2lroc
416 3516 507 3580 crgo,
535 3496 618 3577 quod
644 3493 752 3577 Scipio
782 3496 901 3559 uidisse
929 3518 962 3559 se
991 3497 1101 3559 retulit
1128 3502 1162 3558 et
1187 3497 1250 3559 trin
1274 3498 1340 3581 illa,

332 3607 413 3668 quae
437 3585 506 3649 sola
530 3583 714 3667 probabilia
738 3589 816 3647 scrut
839 3605 958 3669 genera
981 3585 1243 3667 principalitatis,
1274 3609 1338 3648 ειιιι-
1354 3603 1380 3642 so

331 3719 541 3728 ,Μ’-η...-

404 3803 416 3848 1
442 3793 562 3863 opprnai
587 3794 615 3846 Β
723 3799 739 3845 2
763 3810 795 3848 uc
820 3793 968 3847 sentientes
989 3795 1022 3860 P,
1045 3794 1296 3865 aclcnltrentrentel'
1313 3799 1340 3849 Β

333 3867 514 3934 8u1tandirq3
535 3865 562 3918 B
616 3869 669 3919 uui
689 3868 722 3919 ·c
743 3866 769 3917 Β
828 3865 1081 3932 tappet-norati?
1139 3872 1167 3918 11
1190 3867 1292 3930 ἐΙΓὼι
1313 3870 1340 3920 Β

367 3936 534 4006 procedente
555 3936 582 3989 B
657 3935 738 3989 oblus
755 3935 789 3988 Β
879 3940 909 3988 13
930 3936 1015 4004 insen]
1035 3936 1062 3988 P
1140 3938 1297 4007 mutnltrms
1312 3939 1341 3991 Β

368 4008 605 4061 commendansb
680 4013 711 4059 14
737 4006 886 4060 conrrttenl
905 4009 931 4059 Β
1001 4011 1033 4058 15
1058 4009 1284 4077 uelatutbngrb;
1310 4016 1342 4063 nt

333 4074 444 4132 niun
536 4083 568 4131 17
589 4095 636 4144 qur
655 4076 737 4144 quale
756 4075 790 4129 Β
885 4077 1109 4132 lssnuobr'rP
1193 4084 1224 4132 19
1244 4080 1290 4132 uso
1310 4082 1342 4134 ni

333 4147 416 4213 (ullor
435 4143 468 4200 B'
536 4153 569 4201 21
590 4148 703 4214 duplrcn
723 4148 830 4202 ataid.
850 4147 884 4200 Β’
956 4148 1160 4221 25m9u1b313
1228 4156 1262 4201 ‘20
1282 4149 1342 4202 lctis

333 4218 438 4285 uquunl
457 4218 485 4271 P
537 4221 570 4272 27
591 4216 688 4285 sydera
707 4219 734 4271 P
