3322 5190
730 814 783 869 1111
801 819 872 870 s-e

340 974 501 1043 horrescit
523 976 598 1044 telis
622 976 783 1043 exercitus
807 998 903 1062 asper
925 976 1100 1063 utrimque,

298 1103 331 1165 ot
353 1099 389 1164 in
410 1099 595 1168 Erechtheo

342 1244 433 1289 arma
457 1222 617 1310 arrigunt,
640 1223 833 1291 horrescunt
856 1224 931 1289 tela.

298 1349 333 1413 et
354 1345 389 1412 in
412 1345 564 1432 Scipione

271 1493 286 1535 s
342 1462 467 1556 sparsis
490 1470 595 1537 hastis
618 1470 725 1557 longis
748 1493 881 1556 campus
905 1471 1053 1556 splendet
1075 1473 1108 1535 et
1130 1471 1251 1538 horret.

298 1593 356 1660 sed
379 1597 412 1660 et
435 1596 512 1660 ante
534 1616 647 1660 omues
670 1593 832 1660 Homerus

343 1715 477 1803 ἔφριξεν
499 1713 536 1783 dt
558 1718 644 1803 μάχη
667 1720 913 1804 φθισίμβροτος
937 1717 1088 1803 ἐγχείῃσι.

343 1856 499 1945 Splendet
522 1860 661 1924 tremulo
686 1860 746 1924 sub
770 1859 892 1925 lumine
916 1862 1045 1945 pontus.
1325 1866 1345 1929 1

299 1983 504 2050 tremulum
532 1984 658 2050 lumen
686 1984 726 2049 de
753 1984 896 2067 imagine
924 1985 971 2050 rei
998 1983 1102 2071 ipsius
1128 2005 1316 2071 expressum

261 2096 287 2137 ιο
301 2075 360 2139 cst.
405 2072 461 2138 sed
485 2071 573 2158 prior
596 2073 723 2139 Ennius
747 2073 780 2139 in
804 2071 989 2158 Melanippo

344 2196 468 2261 lumine
495 2197 542 2262 sie
570 2198 708 2263 tremulo
737 2200 824 2262 terra
852 2200 885 2264 et
912 2219 994 2265 caua
1022 2199 1152 2264 caerula
1176 2198 1316 2265 condent

300 2323 335 2386 et
357 2319 525 2386 Lucretius
548 2320 582 2386 in
607 2327 698 2386 sexto

345 2446 514 2530 praeterea
536 2445 615 2511 solis
639 2444 736 2511 radiis
760 2446 900 2512 iactatur
924 2447 1020 2533 aquai

346 2534 463 2600 humor
485 2536 518 2599 et
540 2534 573 2598 in
596 2535 702 2599 lucem
725 2534 864 2601 tremulo
888 2536 1024 2601 rarescit
1046 2537 1087 2601 ab
1110 2539 1212 2603 aestu.

263 2697 289 2739 ra
516 2674 579 2740 Hic
602 2675 739 2739 candida
761 2676 900 2760 populus
924 2679 1017 2741 antro
1325 2683 1347 2749 8

346 2763 494 2827 imminet
515 2766 549 2828 et
570 2765 678 2828 lentae
702 2767 817 2828 texunt
839 2765 1030 2830 umbracula
1053 2764 1146 2830 uites.

301 2887 378 2950 sunt
400 2886 456 2970 qui
480 2886 654 2950 aestiment
676 2885 737 2951 hoo
760 2886 896 2951 uerbum
920 2886 1147 2952 umbracula
1165 2886 1314 2974 Vergilio

302 2975 433 3039 auctore
460 2973 681 3057 conpositum,
708 2995 781 3039 cum
809 2973 934 3040 Vanae
962 2974 1088 3039 Rnuvsr
1113 2993 1315 3043 nrvrnsuvn

300 3059 386 3126 libro
404 3077 540 3127 oncino
565 3059 685 3126 dixerit
707 3082 781 3126 non
804 3062 927 3126 nullis
951 3062 1251 3148 magistratibus
1275 3064 1315 3129 in

261 3148 442 3233 rooppido
462 3149 498 3212 id
518 3169 639 3233 genus
659 3150 877 3215 umbraculi
896 3171 1120 3216 conoessum
1136 3156 1169 3215 et
1183 3149 1316 3219 Grcnno

301 3236 335 3302 in
363 3255 495 3315 eruro
525 3255 571 3301 nn
600 3253 751 3303 nauruvs
780 3238 891 3303 uisne
919 3238 1044 3324 igitur
1067 3275 1109 3285 -
1134 3241 1316 3324 quoniam

302 3326 360 3390 sol
387 3325 586 3410 paululum
615 3347 635 3390 a
662 3324 824 3391 meridie
852 3325 926 3392 iam
954 3326 1121 3392 deuexas
1148 3327 1317 3412 uidetur,

302 3434 422 3500 neque
461 3412 546 3479 dum
584 3413 682 3479 setis
720 3414 766 3478 ab
804 3413 864 3478 his
902 3413 1072 3480 nouellis
1110 3414 1317 3483 arboribus

304 3501 425 3569 omnis
457 3501 520 3569 hic
552 3504 660 3568 loeus
693 3505 880 3587 opacatur
910 3539 951 3551 -
981 3502 1239 3570 descendatur
1271 3506 1317 3572 ad

263 3590 437 3673 abirim,
469 3613 603 3678 cuque,
636 3612 732 3677 quae
764 3594 933 3677 restant,
966 3591 1004 3657 in
1032 3592 1113 3658 illis
1142 3593 1317 3660 aluorum

374 3755 389 3805 1
413 3753 465 3805 585
484 3747 567 3803 Vahl.
592 3753 644 3802 411
668 3746 732 3804 Luc.
759 3749 851 3805 Muell.
957 3755 973 3804 5
997 3768 1024 3804 u.
1051 3753 1100 3804 151
1126 3750 1169 3805 ed.
1192 3756 1209 3805 1
1232 3751 1316 3807 Ribb.

303 3821 391 3878 bsot.
412 3826 445 3876 15
464 3819 547 3876 Vahl.
568 3823 602 3874 14
622 3820 687 3874 Luc.
708 3818 803 3876 bineli.
865 3819 931 3874 711.
952 3822 973 3876 Ν
993 3826 1046 3877 551
1079 3819 1208 3877 'BAen
1230 3821 1316 3877 vno

305 3899 335 3949 11
359 3912 386 3950 u.
409 3896 461 3949 151
486 3892 570 3954 ede
594 3888 678 3947 ltibb.
771 3891 931 3948 11111874
1024 3896 1056 3949 15
1076 3891 1165 3965 eclog.
1185 3892 1314 3949 vl11141

302 3971 337 4020 10
356 3964 412 4021 Cio.
431 3984 460 4037 p.
479 3968 531 4019 114
551 3962 594 4019 ed.
615 3962 700 4019 Orell.
720 3963 745 4017 11

373 4113 389 4161 1
408 4107 518 4163 ereeteo
538 4106 566 4160 Ρ
617 4105 742 4175 erigens
755 4107 871 4175 Aldina,
888 4105 1049 4176 arriguntur
1064 4107 1168 4163 Ionios
1222 4107 1320 4163 ῚΦΕΙ-

304 4177 494 4234 (merome
513 4176 541 4228 Ρ
594 4179 626 4228 11
645 4176 823 4248 9111155551)
874 4184 909 4234 15
927 4176 975 4231 lrrl
994 4179 1023 4232 P
