3442 5190
785 833 798 887 l
817 839 923 888 14-28
1296 834 1363 900 409

347 1001 501 1066 latentem
533 996 738 1083 prudentiam
770 994 925 1062 scruteris
959 995 1074 1082 altius,
1109 995 1362 1063 delenimentum

347 1088 442 1173 illud,
465 1087 550 1172 quod
574 1085 700 1152 Helena
722 1085 801 1152 uino
826 1085 957 1151 miscuit

392 1208 557 1295 νηπενθές
581 1206 609 1275 τ’
633 1211 756 1295 ἄχολόν
778 1232 813 1275 τε
838 1219 950 1275 κακῶν
973 1207 1137 1293 ἐπίληθον
1161 1209 1318 1276 ἁπάντων

346 1359 413 1403 non
448 1335 549 1402 herba
581 1334 657 1420 luit,
692 1357 761 1401 non
793 1357 832 1400 ex
863 1334 958 1400 India
990 1356 1087 1401 aucus
1120 1334 1175 1400 sed
1207 1335 1362 1401 narrandi

320 1424 587 1512 aopportunitas,
617 1446 700 1510 quae
727 1424 891 1510 hospitem
920 1423 1076 1490 maeroris
1104 1423 1244 1490 oblitum
1271 1423 1362 1490 flexit

346 1511 710 1670 pplntgeauplppppbatl'lixie
730 1513 816 1580 enim
834 1514 1002 1599 praeclara
1021 1514 1165 1581 facinora
1183 1513 1249 1580 filio
1269 1515 1416 1601 prae-19

392 1719 465 1794 οἷον
487 1724 543 1792 καὶ
566 1725 641 1792 τόδ’
661 1725 750 1812 ἔρεξε
773 1724 828 1793 καὶ
852 1729 928 1811 ἔτλη
952 1729 1110 1812 καρτερὸς
1132 1725 1227 1812 ἀνήρ.

347 1873 425 1938 ergo
458 1853 626 1937 paternam
657 1851 799 1938 gloriam
830 1853 863 1918 et
890 1851 1020 1938 singula
1047 1850 1117 1917 eius
1145 1852 1233 1918 iacta
1262 1850 1362 1918 sortia

307 1968 334 2009 ro
348 1940 521 2027 digerendo
545 1940 688 2006 animum
713 1940 773 2006 filii
796 1940 875 2006 fecit
898 1940 1099 2025 alacriorem,
1123 1941 1221 2006 etita
1239 1940 1363 2007 credita

348 2034 399 2095 est
422 2033 536 2096 contra
558 2051 739 2096 maerorem
762 2030 840 2095 uino
863 2030 1040 2096 remedium
1065 2030 1242 2096 miscuisse.
1284 2031 1362 2115 quid

347 2118 417 2201 hoc,
440 2119 555 2201 inquis,
580 2119 619 2183 ad
644 2119 910 2203 philosophiam?
934 2120 1034 2184 immo
1053 2119 1136 2183 nihil
1156 2123 1224 2184 tam
1244 2124 1417 2205 cogno-20

348 2211 417 2269 tum
455 2206 648 2291 sapientiae,
685 2228 782 2290 quam
819 2205 899 2270 locis
937 2209 971 2271 et
1007 2206 1210 2292 temporibus
1248 2211 1361 2290 aptare

349 2313 512 2358 sermones
545 2314 757 2376 personarum
788 2314 870 2377 quse
903 2294 1039 2358 ederunt
1071 2294 1298 2360 aestimatione
1327 2295 1361 2360 in

309 2381 490 2449 annualium
514 2385 638 2447 uocata.
676 2382 758 2446 alios
781 2381 866 2446 enim
891 2383 994 2447 relata
1013 2382 1196 2448 incitabunt
1214 2383 1412 2469 exemplam

349 2472 521 2556 uirtutum,
554 2471 638 2537 alios
670 2471 913 2558 beneficiorum,
944 2495 1010 2538 uon
1039 2471 1146 2539 nullos
1174 2473 1361 2557 modestiae,

350 2565 386 2626 ut
423 2565 456 2626 et
491 2561 545 2646 qui
584 2561 680 2626 aliter
713 2561 855 2648 agebant
888 2584 985 2649 saepe
1017 2561 1135 2628 auditis
1167 2562 1288 2628 talibus
1320 2562 1361 2628 ad

350 2650 609 2716 emendationem
634 2651 789 2716 uenirent.
834 2651 882 2716 sic
906 2656 1014 2716 autem
1037 2651 1126 2717 uitiis
1150 2651 1310 2739 inretitos,
1332 2652 1415 2720 ³522

350 2741 383 2803 ct
418 2739 479 2804 hoc
515 2739 550 2803 in
584 2739 742 2805 conuiuiis
775 2741 918 2826 exegerit
949 2739 1102 2825 loquendi
1135 2741 1226 2825 ordo,
1264 2740 1361 2806 feriet

310 2855 336 2895 so
350 2827 558 2913 philosophia
576 2850 641 2893 non
662 2829 847 2912 sentientes,
865 2832 902 2894 ut
921 2828 1018 2894 Liber
1036 2832 1129 2914 pater
1148 2829 1264 2913 thyrso
1284 2829 1362 2895 ierit

347 2936 407 2999 per
422 2915 678 3002 obliquationem
694 2916 906 2983 circumfusae
920 2916 1058 2982 hederae
1068 2918 1188 2982 latente
1199 2939 1362 3003 mucrone,

348 3003 425 3088 quia
456 3026 523 3070 non
555 3006 602 3071 ita
634 3006 841 3090 profitebitur
870 3008 904 3071 in
932 3007 1083 3072 conuiuio
1111 3029 1293 3086 censorem,
1324 3010 1363 3073 ut

346 3094 457 3178 palam
474 3093 555 3159 uitia
569 3097 718 3182 castigat.
755 3099 897 3162 ceterum
912 3095 964 3162 hie
978 3096 1110 3163 obnoxii
1124 3096 1416 3183 repugnabunt,23

347 3186 381 3248 et
411 3184 488 3249 talis
522 3185 584 3250 erit
615 3185 757 3251 conuiuii
791 3186 965 3273 tumultus,
997 3189 1034 3251 ut
1061 3188 1121 3252 sub
1148 3185 1245 3251 huius
1274 3185 1363 3252 modi

307 3299 334 3339 ae
348 3272 478 3337 inuitati
501 3273 673 3339 uideantur
695 3274 799 3339 edicto

392 3395 478 3479 quod
502 3399 664 3478 superest,
686 3396 765 3461 laeti
789 3397 871 3460 bene
895 3397 998 3482 gestis
1022 3419 1158 3481 corpora
1181 3398 1278 3461 rebus

392 3485 565 3567 procurate
588 3483 650 3548 uiri
674 3486 707 3547 et
729 3504 873 3568 pugnam
896 3487 1028 3569 sperate
1051 3486 1175 3569 parari,

347 3608 404 3670 aut
426 3608 463 3669 ut
485 3605 647 3671 Homerus
671 3606 802 3671 breuius
827 3609 860 3672 et
883 3608 1067 3692 expressius
1090 3609 1173 3672 dixit

347 3748 561 3758 ——u-0--a-2-

418 3837 434 3885 3
454 3831 505 3886 Od.
525 3835 541 3887 δ
560 3838 612 3887 222
668 3838 684 3888 8
703 3833 740 3890 ib.
760 3836 776 3888 δ
795 3839 847 3889 271
904 3840 938 3889 26
959 3834 1028 3890 Aen.
1049 3834 1128 3890 Vllll
1149 3841 1198 3891 lot

347 3959 560 3971 -α--ο--κ-

418 4045 638 4102 3ΗΠΗΕΝΘΕ(
657 4047 686 4100 Ρ
737 4047 902 4102 ΑΠΑΝΤΟΝ
917 4047 946 4102 P
997 4047 1146 4103 tmcrorrl
1155 4048 1184 4103 P
1235 4048 1365 4102 8ΤοΝΔ

348 4131 385 4186 P‘
459 4122 784 4206 acarasseorum?
804 4135 832 4188 P
905 4141 936 4190 11
956 4142 1065 4191 merore
1084 4138 1113 4191 P
1183 4140 1216 4190 ιε
1235 4136 1367 4190 nanneno

348 4219 399 4258 om.
418 4203 446 4257 P
499 4205 658 4260 allucente
677 4212 808 4261 macrone
826 4206 855 4261 P
908 4211 942 4261 22
960 4207 1113 4277 prohtetur
1133 4203 1171 4260 P'
