3322 5190
327 799 391 865 186
709 795 784 853 ΒΔΤ.
805 795 901 851 LIBRI
920 795 959 852 111

326 964 360 1028 et
390 961 523 1045 reliqua.
582 959 726 1025 seruauit
763 959 849 1024 enim
886 980 1062 1045 regnorum
1095 957 1341 1038 successionem,

326 1050 444 1134 quippe
475 1049 573 1134 primi
606 1052 827 1134 regnaueruut
856 1045 978 1131 Latini,
1010 1046 1125 1111 deinde
1155 1045 1276 1110 Albani
1309 1050 1342 1109 et

325 1137 399 1204 inde
430 1137 578 1203 Romani.
631 1137 703 1202 ideo
736 1158 815 1202 mos
849 1140 933 1201 erat
964 1136 1107 1220 primum
1139 1135 1236 1218 dixit,
1269 1133 1341 1198 He·

326 1228 456 1312 sperio
479 1227 518 1291 in
542 1225 670 1309 Latio,
698 1231 732 1290 et
753 1230 870 1311 postea
892 1246 1001 1309 quem
1024 1223 1202 1308 protinus
1227 1224 1341 1289 urbes

326 1315 500 1381 Albanae
536 1314 691 1380 coluere
723 1335 887 1396 sacrum,
923 1312 1038 1378 deiude
1071 1312 1211 1377 subiecit
1242 1333 1341 1378 nunc
1369 1342 1382 1382 s

327 1403 492 1469 maxima
515 1424 640 1468 rerum
664 1402 781 1468 Itonia
804 1403 908 1467 colit.

271 1525 370 1593 VIIII
459 1525 634 1591 Excessere
657 1546 770 1590 omnes
794 1525 900 1610 adytis
924 1524 1053 1608 arisque
1075 1522 1196 1588 relictis

460 1613 506 1698 di,
530 1613 647 1699 quibus
671 1613 841 1697 imperium
864 1613 927 1678 boe
950 1615 1093 1678 steterat.

326 1741 359 1803 et
385 1737 424 1803 de
452 1738 677 1803 uetustissimo
700 1737 922 1803 Romanorum
951 1758 1041 1802 more
1068 1740 1103 1801 et
1128 1735 1167 1800 de
1191 1736 1341 1802 occultis-

295 1825 420 1894 2simis
439 1827 539 1890 sacris
559 1848 622 1891 uox
641 1827 706 1891 ista
724 1827 851 1909 prolata
870 1830 928 1890 est
973 1828 1103 1890 constat
1121 1824 1206 1889 enim
1226 1846 1339 1889 omues
1355 1854 1381 1894 ro

327 1915 424 1980 urbes
454 1914 489 1978 in
519 1913 656 1979 alicuius
686 1913 736 1978 dei
766 1936 835 1978 esse
865 1913 980 1996 tutela,
1012 1933 1198 1996 moremque
1220 1910 1340 1978 Romu-

328 2024 444 2067 norum
479 2024 630 2067 arcanum
665 2004 698 2066 et
727 2001 838 2066 multis
870 2001 1020 2086 ignotum
1052 2000 1152 2065 fuisso
1184 2005 1234 2087 ut,
1267 2024 1340 2066 eum

328 2090 515 2156 obsiderent
546 2091 658 2156 urbem
690 2090 848 2175 bostium,
880 2112 1014 2176 eamque
1046 2091 1110 2154 ianr
1142 2091 1214 2175 colii
1243 2112 1340 2175 posse

328 2180 542 2262 confiderent,
574 2184 662 2246 certo
695 2181 835 2245 carmine
867 2184 1039 2245 euocarent
1069 2180 1224 2244 tutelares
1255 2180 1341 2264 deos,

329 2271 414 2354 quod
442 2273 500 2334 aut
528 2270 623 2335 aliter
650 2269 763 2333 urbem
790 2271 863 2352 capi
888 2290 982 2352 possa
1005 2291 1071 2332 non
1095 2268 1261 2333 crederent
1283 2275 1340 2333 aut
1355 2299 1380 2337 ru

327 2358 442 2439 etiam,
473 2358 500 2421 si
524 2360 649 2440 posset,
673 2356 765 2420 nefas
789 2358 1001 2421 aestimarent
1023 2356 1100 2420 deos
1123 2356 1242 2420 babere
1266 2376 1339 2440 cap-

298 2446 424 2509 3tiuos.
470 2466 545 2507 nam
566 2446 739 2527 propterea
762 2444 825 2527 ipsi
844 2443 984 2507 Romani
1008 2446 1040 2506 et
1064 2442 1169 2528 deum,
1191 2442 1225 2506 in
1248 2444 1339 2506 ouius

328 2532 433 2595 tutela
455 2531 532 2595 urbs
550 2529 655 2594 Roma
678 2535 736 2613 est,
759 2536 792 2594 et
814 2532 916 2614 ipsius
938 2531 1029 2595 urbis
1048 2528 1200 2594 Latinum
1222 2551 1341 2594 nomen

295 2619 478 2706 dignotum
501 2640 571 2684 esse
594 2620 774 2684 uoluerunt.
826 2619 882 2683 sed
907 2618 958 2684 dei
981 2618 1109 2703 quidem
1134 2639 1251 2684 nomen
1275 2640 1340 2683 non

327 2709 425 2774 nullis
457 2710 663 2793 antiquorum
693 2707 769 2773 licet
797 2708 883 2773 inter
912 2731 946 2772 se
974 2708 1212 2791 dissidentium,
1246 2707 1339 2773 libris
1354 2737 1379 2777 so

326 2801 461 2864 insitum
491 2803 523 2863 et
551 2797 622 2862 ideo
652 2802 781 2863 uetusta
809 2799 1091 2882 persequentibus,
1119 2798 1271 2883 quicquid
1300 2799 1339 2862 de

327 2889 389 2954 hoe
412 2891 558 2973 putetur,
588 2888 738 2951 innotuit.
791 2887 848 2952 alii
872 2888 956 2951 euim
981 2886 1110 2952 Iouem
1134 2887 1340 2952 crediderunt

327 2978 383 3041 alii
407 2976 564 3054 Lunam,
592 2981 669 3040 suut
698 2976 753 3060 qui
777 2975 1033 3060 Angeronam,
1065 2998 1147 3060 quae
1171 2976 1273 3059 digito
1298 2976 1338 3040 ad

328 3087 364 3129 os
396 3066 526 3130 admoto
560 3064 723 3128 silentium
757 3065 939 3142 denuntiat,
972 3066 1028 3130 alii
1060 3069 1169 3128 autern
1201 3086 1337 3147 quorum

328 3153 406 3217 fides
437 3153 517 3217 mibi
550 3152 675 3216 uidetur
704 3152 839 3236 firmior,
872 3153 988 3237 Opem
1017 3152 1239 3218 Consiuiam
1268 3173 1377 3218 essen

295 3242 484 3306 edixerunt.
548 3241 653 3325 ipsius
690 3264 766 3304 uero
804 3241 894 3305 urbis
931 3264 1048 3306 nomen
1085 3242 1184 3305 etiam
1222 3241 1338 3305 doctis·

327 3330 418 3395 simis
447 3329 632 3416 ignoratum
666 3333 729 3411 est,
761 3332 951 3395 currentibus
978 3330 1149 3415 Romanis,
1182 3352 1222 3394 ue
1253 3330 1338 3415 quod

327 3442 424 3504 saepo
461 3420 616 3487 aduersus
652 3419 748 3485 urbes
780 3419 923 3487 hostium
957 3421 1071 3488 fecisse
1103 3442 1138 3485 se
1170 3425 1338 3505 nouerant,

326 3510 412 3575 idem
451 3511 513 3595 ipsi
551 3532 674 3595 qnoque
706 3510 819 3576 hostili
851 3512 1040 3576 euocatione
1071 3514 1272 3596 paterentur,
1309 3511 1336 3576 si

326 3656 538 3663 -W--..—

398 3745 412 3795 1
432 3738 499 3816 Aen.
519 3739 544 3792 lI
563 3744 613 3794 ³⁶1

325 3870 380 3875 ...ω
387 3869 420 3875 -.-
426 3869 523 3876 ..a-u
531 3871 537 3876 .

395 3958 411 4004 2
431 3951 496 4005 rude
516 3952 611 4005 albam
630 3951 657 4003 B
740 3958 756 4004 4
774 3951 878 4025 ,ptrnus
888 3967 944 4004 una
962 3951 1058 4005 albam
1077 3953 1187 4006 coluere
1207 3970 1260 4006 uun
1281 3953 1339 4006 BP

326 4021 491 4077 'tedrtrsP
581 4028 611 4075 12
631 4022 782 4076 archanum
803 4022 831 4075 Ρ
920 4029 950 4075 13
971 4023 1109 4092 camprB
1197 4027 1229 4076 lt
1249 4024 1336 4077 etrum

325 4092 422 4147 onr.P
512 4098 543 4148 18
564 4093 702 4147 estutP
784 4099 816 4146 61
837 4088 1029 4146 udcustafB'''
1085 4098 1118 4146 2³
1138 4098 1281 4162 angorona
1301 4089 1336 4147 P

325 4169 358 4217 25
379 4168 461 4234 ope*
481 4164 517 4232 P,
535 4165 632 4220 deinde
652 4164 774 4219 consruro
792 4164 922 4232 sciscitor
936 4160 971 4217 P'
1027 4169 1060 4219 27
1080 4167 1209 4234 ignotum
1228 4165 1256 4217 P
