<?xml version="1.0" encoding="UTF-8"?>
<!DOCTYPE html PUBLIC "-//W3C//DTD XHTML 1.0 Transitional//EN"
    "http://www.w3.org/TR/xhtml1/DTD/xhtml1-transitional.dtd">
<html xmlns="http://www.w3.org/1999/xhtml" xml:lang="en" lang="en">
 <head>
  <title>
</title>
<meta http-equiv="Content-Type" content="text/html;charset=utf-8" />
  <meta name='ocr-system' content='tesseract 3.04.00' />
  <meta name='ocr-capabilities' content='ocr_page ocr_carea ocr_par ocr_line ocrx_word'/>
</head>
<body>
  <div class='ocr_page' id='page_1' title='image "./macrobius00cicegoog_0157.png"; bbox 0 0 3322 5190; ppageno 0'>
   <div class='ocr_carea' id='block_1_1' title="bbox 329 808 955 876">
    <p class='ocr_par' dir='ltr' id='par_1_1' title="bbox 329 808 955 876">
     <span class='ocr_line' id='line_1_1' title="bbox 329 808 955 876; baseline -0.021 0"><span class='ocrx_word' id='word_1_1' title='bbox 329 811 393 876; x_wconf 83' lang='grc'><strong>144</strong></span> <span class='ocrx_word' id='word_1_2' title='bbox 718 808 794 866; x_wconf 82' lang='grc' dir='ltr'><strong>ΒΔΤ.</strong></span> <span class='ocrx_word' id='word_1_3' title='bbox 814 809 912 865; x_wconf 86' lang='lat' dir='ltr'>LIBRI</span> <span class='ocrx_word' id='word_1_4' title='bbox 930 810 955 865; x_wconf 96' lang='lat' dir='ltr'><strong>ll</strong></span> 
     </span>
    </p>
   </div>
   <div class='ocr_carea' id='block_1_2' title="bbox 277 972 1385 3453">
    <p class='ocr_par' dir='ltr' id='par_1_2' title="bbox 278 972 1382 1414">
     <span class='ocr_line' id='line_1_2' title="bbox 278 972 1341 1058; baseline -0.002 -17"><span class='ocrx_word' id='word_1_5' title='bbox 278 975 320 1041; x_wconf 91' lang='grc'><strong>14</strong></span> <span class='ocrx_word' id='word_1_6' title='bbox 417 972 555 1039; x_wconf 88' lang='lat' dir='ltr'><strong>Dicente</strong></span> <span class='ocrx_word' id='word_1_7' title='bbox 577 973 681 1038; x_wconf 86' lang='lat' dir='ltr'><strong>adhuc</strong></span> <span class='ocrx_word' id='word_1_8' title='bbox 703 972 899 1056; x_wconf 75' lang='lat' dir='ltr'><strong>Symmacho</strong></span> <span class='ocrx_word' id='word_1_9' title='bbox 923 980 965 1058; x_wconf 91' lang='lat' dir='ltr'><strong>et,</strong></span> <span class='ocrx_word' id='word_1_10' title='bbox 987 977 1025 1039; x_wconf 92' lang='lat' dir='ltr'><strong>ut</strong></span> <span class='ocrx_word' id='word_1_11' title='bbox 1046 975 1226 1058; x_wconf 89' lang='lat' dir='ltr'><strong>uidebatur,</strong></span> <span class='ocrx_word' id='word_1_12' title='bbox 1249 974 1341 1058; x_wconf 88' lang='lat' dir='ltr'><strong>plura</strong></span> 
     </span>
     <span class='ocr_line' id='line_1_3' title="bbox 328 1061 1342 1145; baseline 0 -18"><span class='ocrx_word' id='word_1_13' title='bbox 328 1063 454 1129; x_wconf 86' lang='lat' dir='ltr'><strong>dicturo</strong></span> <span class='ocrx_word' id='word_1_14' title='bbox 487 1061 688 1127; x_wconf 73' lang='lat' dir='ltr'><strong>intercedens</strong></span> <span class='ocrx_word' id='word_1_15' title='bbox 716 1062 876 1145; x_wconf 82' lang='lat' dir='ltr'><strong>Auienus,</strong></span> <span class='ocrx_word' id='word_1_16' title='bbox 909 1069 945 1127; x_wconf 89' lang='lat' dir='ltr'><strong>ut</strong></span> <span class='ocrx_word' id='word_1_17' title='bbox 976 1063 1046 1129; x_wconf 89' lang='lat' dir='ltr'><strong>fieri</strong></span> <span class='ocrx_word' id='word_1_18' title='bbox 1075 1064 1111 1128; x_wconf 91' lang='lat' dir='ltr'><strong>iu</strong></span> <span class='ocrx_word' id='word_1_19' title='bbox 1138 1063 1342 1128; x_wconf 75' lang='lat' dir='ltr'>sermonibus</span> 
     </span>
     <span class='ocr_line' id='line_1_4' title="bbox 329 1150 1343 1237; baseline -0.001 -20"><span class='ocrx_word' id='word_1_20' title='bbox 329 1151 552 1217; x_wconf 89' lang='lat' dir='ltr'><strong>conuiualibus</strong></span> <span class='ocrx_word' id='word_1_21' title='bbox 585 1151 670 1215; x_wconf 88' lang='lat' dir='ltr'><strong>solet</strong></span> <span class='ocrx_word' id='word_1_22' title='bbox 701 1150 771 1215; x_wconf 78' lang='lat' dir='ltr'><strong>‘nec</strong></span> <span class='ocrx_word' id='word_1_23' title='bbox 799 1151 979 1235; x_wconf 78' lang='lat' dir='ltr'><strong>Augustus&#39;</strong></span> <span class='ocrx_word' id='word_1_24' title='bbox 1008 1152 1115 1237; x_wconf 89' lang='lat' dir='ltr'><strong>inquit</strong></span> <span class='ocrx_word' id='word_1_25' title='bbox 1143 1150 1276 1217; x_wconf 73' lang='lat' dir='ltr'><strong>‘Caesar</strong></span> <span class='ocrx_word' id='word_1_26' title='bbox 1309 1152 1343 1216; x_wconf 89' lang='lat' dir='ltr'><strong>in</strong></span> 
     </span>
     <span class='ocr_line' id='line_1_5' title="bbox 328 1239 1343 1325; baseline -0.001 -20"><span class='ocrx_word' id='word_1_27' title='bbox 328 1240 424 1305; x_wconf 92' lang='lat' dir='ltr'><strong>huius</strong></span> <span class='ocrx_word' id='word_1_28' title='bbox 449 1240 535 1305; x_wconf 91' lang='lat' dir='ltr'><strong>modi</strong></span> <span class='ocrx_word' id='word_1_29' title='bbox 560 1239 734 1305; x_wconf 80' lang='lat' dir='ltr'><strong>dicacitate</strong></span> <span class='ocrx_word' id='word_1_30' title='bbox 758 1261 920 1325; x_wconf 91' lang='lat' dir='ltr'><strong>quoquam</strong></span> <span class='ocrx_word' id='word_1_31' title='bbox 944 1241 1049 1305; x_wconf 87' lang='lat' dir='ltr'><strong>minor</strong></span> <span class='ocrx_word' id='word_1_32' title='bbox 1069 1245 1103 1305; x_wconf 94' lang='lat' dir='ltr'><strong>et</strong></span> <span class='ocrx_word' id='word_1_33' title='bbox 1126 1241 1266 1306; x_wconf 89' lang='lat' dir='ltr'><strong>fortasse</strong></span> <span class='ocrx_word' id='word_1_34' title='bbox 1285 1263 1343 1304; x_wconf 90' lang='lat' dir='ltr'><strong>nec</strong></span> 
     </span>
     <span class='ocr_line' id='line_1_6' title="bbox 328 1329 1382 1414; baseline 0.003 -20"><span class='ocrx_word' id='word_1_35' title='bbox 328 1330 435 1394; x_wconf 75' lang='lat' dir='ltr'><strong>&#39;l&#39;ullio</strong></span> <span class='ocrx_word' id='word_1_36' title='bbox 459 1336 506 1411; x_wconf 91' lang='lat' dir='ltr'><strong>et,</strong></span> <span class='ocrx_word' id='word_1_37' title='bbox 534 1329 561 1393; x_wconf 90' lang='lat' dir='ltr'><strong>si</strong></span> <span class='ocrx_word' id='word_1_38' title='bbox 588 1329 774 1394; x_wconf 85' lang='lat' dir='ltr'><strong>uolentibus</strong></span> <span class='ocrx_word' id='word_1_39' title='bbox 798 1329 891 1395; x_wconf 91' lang='lat' dir='ltr'><strong>uobis</strong></span> <span class='ocrx_word' id='word_1_40' title='bbox 915 1330 989 1412; x_wconf 88' lang='lat' dir='ltr'><strong>erit,</strong></span> <span class='ocrx_word' id='word_1_41' title='bbox 1016 1331 1126 1414; x_wconf 89' lang='lat' dir='ltr'><strong>aliqua</strong></span> <span class='ocrx_word' id='word_1_42' title='bbox 1149 1332 1232 1413; x_wconf 90' lang='lat' dir='ltr'><strong>eius,</strong></span> <span class='ocrx_word' id='word_1_43' title='bbox 1261 1351 1342 1413; x_wconf 88' lang='lat' dir='ltr'><strong>quae</strong></span> <span class='ocrx_word' id='word_1_44' title='bbox 1371 1358 1382 1397; x_wconf 80' lang='lat' dir='ltr'><strong>a</strong></span> 
     </span>
    </p>

    <p class='ocr_par' dir='ltr' id='par_1_3' title="bbox 279 1417 1344 1677">
     <span class='ocr_line' id='line_1_7' title="bbox 279 1417 1344 1502; baseline -0.001 -21"><span class='ocrx_word' id='word_1_45' title='bbox 279 1417 484 1482; x_wconf 70' lang='lat' dir='ltr'><strong>rememora</strong></span> <span class='ocrx_word' id='word_1_46' title='bbox 507 1419 719 1502; x_wconf 78' lang='lat' dir='ltr'><strong>suggesserit,</strong></span> <span class='ocrx_word' id='word_1_47' title='bbox 748 1418 907 1482; x_wconf 88' lang='lat' dir='ltr'><strong>relaturus</strong></span> <span class='ocrx_word' id='word_1_48' title='bbox 931 1417 1025 1483; x_wconf 70' lang='lat' dir='ltr'><strong>sum!</strong></span> <span class='ocrx_word' id='word_1_49' title='bbox 1072 1424 1105 1483; x_wconf 92' lang='lat' dir='ltr'><strong>et</strong></span> <span class='ocrx_word' id='word_1_50' title='bbox 1128 1418 1238 1483; x_wconf 87' lang='lat' dir='ltr'><strong>Horus</strong></span> <span class='ocrx_word' id='word_1_51' title='bbox 1262 1417 1344 1500; x_wconf 77' lang='lat' dir='ltr'><strong>‘per-</strong></span> 
     </span>
     <span class='ocr_line' id='line_1_8' title="bbox 329 1502 1343 1589; baseline 0 -21"><span class='ocrx_word' id='word_1_52' title='bbox 329 1507 431 1588; x_wconf 88' lang='lat' dir='ltr'><strong>mitte,</strong></span> <span class='ocrx_word' id='word_1_53' title='bbox 455 1505 593 1586; x_wconf 79' lang='lat' dir='ltr'><strong>Aniene,</strong></span> <span class='ocrx_word' id='word_1_54' title='bbox 616 1502 832 1588; x_wconf 84' lang='lat' dir='ltr'><strong>Symmachus</strong></span> <span class='ocrx_word' id='word_1_55' title='bbox 856 1505 995 1588; x_wconf 84' lang='lat' dir='ltr'><strong>explicet</strong></span> <span class='ocrx_word' id='word_1_56' title='bbox 1017 1505 1056 1569; x_wconf 91' lang='lat' dir='ltr'><strong>de</strong></span> <span class='ocrx_word' id='word_1_57' title='bbox 1079 1505 1144 1588; x_wconf 88' lang='lat' dir='ltr'><strong>his,</strong></span> <span class='ocrx_word' id='word_1_58' title='bbox 1173 1527 1254 1589; x_wconf 89' lang='lat' dir='ltr'><strong>quos</strong></span> <span class='ocrx_word' id='word_1_59' title='bbox 1277 1507 1343 1569; x_wconf 84' lang='lat' dir='ltr'><strong>iarn</strong></span> 
     </span>
     <span class='ocr_line' id='line_1_9' title="bbox 328 1589 1344 1677; baseline 0 -20"><span class='ocrx_word' id='word_1_60' title='bbox 328 1593 569 1675; x_wconf 88' lang='lat' dir='ltr'><strong>nominauerat,</strong></span> <span class='ocrx_word' id='word_1_61' title='bbox 597 1592 684 1658; x_wconf 88' lang='lat' dir='ltr'><strong>dicta</strong></span> <span class='ocrx_word' id='word_1_62' title='bbox 706 1589 889 1675; x_wconf 81' lang='lat' dir='ltr'><strong>Ciceronis,</strong></span> <span class='ocrx_word' id='word_1_63' title='bbox 912 1597 943 1657; x_wconf 91' lang='lat' dir='ltr'><strong>et</strong></span> <span class='ocrx_word' id='word_1_64' title='bbox 969 1595 1172 1677; x_wconf 84' lang='lat' dir='ltr'><strong>oportunius,</strong></span> <span class='ocrx_word' id='word_1_65' title='bbox 1200 1593 1344 1676; x_wconf 87' lang='lat' dir='ltr'><strong>quaeda</strong></span> 
     </span>
    </p>

    <p class='ocr_par' dir='ltr' id='par_1_4' title="bbox 278 1680 1384 2370">
     <span class='ocr_line' id='line_1_10' title="bbox 278 1680 1343 1767; baseline -0.003 -19"><span class='ocrx_word' id='word_1_66' title='bbox 278 1682 479 1767; x_wconf 78' lang='lat' dir='ltr'><strong>ldAugasto</strong></span> <span class='ocrx_word' id='word_1_67' title='bbox 516 1681 566 1745; x_wconf 91' lang='lat' dir='ltr'><strong>uis</strong></span> <span class='ocrx_word' id='word_1_68' title='bbox 603 1681 738 1760; x_wconf 79' lang='lat' dir='ltr'><strong>referre,</strong></span> <span class='ocrx_word' id='word_1_69' title='bbox 775 1680 966 1747; x_wconf 68' lang='lat' dir='ltr'><strong>succedent?</strong></span> <span class='ocrx_word' id='word_1_70' title='bbox 1025 1683 1181 1747; x_wconf 87' lang='lat' dir='ltr'><strong>reticente</strong></span> <span class='ocrx_word' id='word_1_71' title='bbox 1217 1681 1343 1746; x_wconf 86' lang='lat' dir='ltr'><strong>Auieno</strong></span> 
     </span>
     <span class='ocr_line' id='line_1_11' title="bbox 330 1767 1384 1855; baseline 0.006 -21"><span class='ocrx_word' id='word_1_72' title='bbox 330 1767 545 1854; x_wconf 80' lang='lat' dir='ltr'><strong>Symmachus</strong></span> <span class='ocrx_word' id='word_1_73' title='bbox 577 1767 714 1834; x_wconf 76' lang='lat' dir='ltr'><strong>‘Cicero&#39;</strong></span> <span class='ocrx_word' id='word_1_74' title='bbox 747 1770 879 1853; x_wconf 91' lang='lat' dir='ltr'><strong>inquam</strong></span> <span class='ocrx_word' id='word_1_75' title='bbox 913 1771 997 1835; x_wconf 77' lang='lat' dir='ltr'><strong>‘cum</strong></span> <span class='ocrx_word' id='word_1_76' title='bbox 1031 1770 1106 1835; x_wconf 90' lang='lat' dir='ltr'><strong>Piso</strong></span> <span class='ocrx_word' id='word_1_77' title='bbox 1143 1791 1243 1855; x_wconf 81' lang='lat' dir='ltr'><strong>gener</strong></span> <span class='ocrx_word' id='word_1_78' title='bbox 1275 1772 1343 1834; x_wconf 91' lang='lat' dir='ltr'><strong>eius</strong></span> <span class='ocrx_word' id='word_1_79' title='bbox 1359 1801 1384 1839; x_wconf 77' lang='lat' dir='ltr'><strong>ro</strong></span> 
     </span>
     <span class='ocr_line' id='line_1_12' title="bbox 330 1857 1344 1941; baseline -0.001 -19"><span class='ocrx_word' id='word_1_80' title='bbox 330 1858 460 1922; x_wconf 91' lang='lat' dir='ltr'><strong>mollius</strong></span> <span class='ocrx_word' id='word_1_81' title='bbox 492 1857 667 1941; x_wconf 89' lang='lat' dir='ltr'><strong>incederet,</strong></span> <span class='ocrx_word' id='word_1_82' title='bbox 698 1857 767 1922; x_wconf 90' lang='lat' dir='ltr'><strong>filia</strong></span> <span class='ocrx_word' id='word_1_83' title='bbox 798 1865 907 1923; x_wconf 88' lang='lat' dir='ltr'><strong>autem</strong></span> <span class='ocrx_word' id='word_1_84' title='bbox 937 1858 1145 1941; x_wconf 86' lang='lat' dir='ltr'><strong>concitatius,</strong></span> <span class='ocrx_word' id='word_1_85' title='bbox 1177 1859 1225 1922; x_wconf 90' lang='lat' dir='ltr'><strong>ait</strong></span> <span class='ocrx_word' id='word_1_86' title='bbox 1257 1858 1344 1922; x_wconf 88' lang='lat' dir='ltr'><strong>filiae</strong></span> 
     </span>
     <span class='ocr_line' id='line_1_13' title="bbox 329 1947 1345 2031; baseline 0 -20"><span class='ocrx_word' id='word_1_87' title='bbox 329 1947 484 2012; x_wconf 81' lang='lat' dir='ltr'><strong>ambula</strong></span> <span class='ocrx_word' id='word_1_88' title='bbox 509 1952 703 2031; x_wconf 85' lang='lat' dir='ltr'><strong>tamquam</strong></span> <span class='ocrx_word' id='word_1_89' title='bbox 728 1947 794 2011; x_wconf 89' lang='lat' dir='ltr'><strong>uir.</strong></span> <span class='ocrx_word' id='word_1_90' title='bbox 827 1968 1278 2009; x_wconf 62' lang='lat' dir='ltr'><strong>*asseruerim*</strong></span> <span class='ocrx_word' id='word_1_91' title='bbox 1313 1951 1345 2011; x_wconf 86' lang='lat' dir='ltr'><strong>et</strong></span> 
     </span>
     <span class='ocr_line' id='line_1_14' title="bbox 330 2034 1341 2122; baseline 0 -22"><span class='ocrx_word' id='word_1_92' title='bbox 330 2055 405 2100; x_wconf 92' lang='lat' dir='ltr'><strong>cum</strong></span> <span class='ocrx_word' id='word_1_93' title='bbox 435 2034 480 2100; x_wconf 87' lang='grc' dir='ltr'><strong>Μ.</strong></span> <span class='ocrx_word' id='word_1_94' title='bbox 513 2034 654 2120; x_wconf 82' lang='lat' dir='ltr'><strong>Lepidus</strong></span> <span class='ocrx_word' id='word_1_95' title='bbox 692 2036 725 2100; x_wconf 92' lang='lat' dir='ltr'><strong>in</strong></span> <span class='ocrx_word' id='word_1_96' title='bbox 762 2040 876 2101; x_wconf 89' lang='lat' dir='ltr'><strong>senatu</strong></span> <span class='ocrx_word' id='word_1_97' title='bbox 913 2035 1048 2101; x_wconf 84' lang='lat' dir='ltr'><strong>dixisset</strong></span> <span class='ocrx_word' id='word_1_98' title='bbox 1084 2036 1229 2122; x_wconf 90' lang='lat' dir='ltr'><strong>patribus</strong></span> <span class='ocrx_word' id='word_1_99' title='bbox 1267 2058 1341 2100; x_wconf 89' lang='lat' dir='ltr'><strong>con·</strong></span> 
     </span>
     <span class='ocr_line' id='line_1_15' title="bbox 331 2125 1344 2213; baseline 0.001 -22"><span class='ocrx_word' id='word_1_100' title='bbox 331 2125 462 2210; x_wconf 88' lang='lat' dir='ltr'><strong>scriptis</strong></span> <span class='ocrx_word' id='word_1_101' title='bbox 504 2147 882 2188; x_wconf 59' lang='lat' dir='ltr'><strong>*reiciam*</strong></span> <span class='ocrx_word' id='word_1_102' title='bbox 923 2125 1050 2192; x_wconf 78' lang='lat' dir='ltr'><strong>&#39;Pullius</strong></span> <span class='ocrx_word' id='word_1_103' title='bbox 1083 2128 1131 2192; x_wconf 87' lang='lat' dir='ltr'><strong>ait</strong></span> <span class='ocrx_word' id='word_1_104' title='bbox 1162 2148 1233 2213; x_wconf 82' lang='lat' dir='ltr'><strong>ego</strong></span> <span class='ocrx_word' id='word_1_105' title='bbox 1270 2149 1344 2192; x_wconf 89' lang='lat' dir='ltr'><strong>nou</strong></span> 
     </span>
     <span class='ocr_line' id='line_1_16' title="bbox 331 2215 1384 2302; baseline 0.008 -23"><span class='ocrx_word' id='word_1_106' title='bbox 331 2215 434 2280; x_wconf 83' lang='lat' dir='ltr'><strong>tanti</strong></span> <span class='ocrx_word' id='word_1_107' title='bbox 457 2215 637 2280; x_wconf 82' lang='lat' dir='ltr'><strong>fecissem</strong></span> <span class='ocrx_word' id='word_1_108' title='bbox 661 2215 896 2300; x_wconf 77' lang='lat' dir='ltr'><strong>dpotdmocov.</strong></span> <span class='ocrx_word' id='word_1_109' title='bbox 938 2216 994 2281; x_wconf 91' lang='lat' dir='ltr'><strong>scd</strong></span> <span class='ocrx_word' id='word_1_110' title='bbox 1017 2238 1126 2302; x_wconf 76' lang='lat' dir='ltr'><strong>perge,</strong></span> <span class='ocrx_word' id='word_1_111' title='bbox 1146 2215 1281 2301; x_wconf 85' lang='lat' dir='ltr'><strong>Aniene,</strong></span> <span class='ocrx_word' id='word_1_112' title='bbox 1304 2238 1343 2282; x_wconf 92' lang='lat' dir='ltr'><strong>ne</strong></span> <span class='ocrx_word' id='word_1_113' title='bbox 1360 2246 1384 2287; x_wconf 75' lang='lat'><strong>1⁵</strong></span> 
     </span>
     <span class='ocr_line' id='line_1_17' title="bbox 330 2304 927 2370; baseline 0 -1"><span class='ocrx_word' id='word_1_114' title='bbox 330 2304 416 2370; x_wconf 83' lang='lat' dir='ltr'><strong>ultra</strong></span> <span class='ocrx_word' id='word_1_115' title='bbox 438 2309 470 2369; x_wconf 89' lang='lat' dir='ltr'><strong>te</strong></span> <span class='ocrx_word' id='word_1_116' title='bbox 494 2304 720 2369; x_wconf 86' lang='lat' dir='ltr'><strong>dicturientem</strong></span> <span class='ocrx_word' id='word_1_117' title='bbox 745 2304 927 2370; x_wconf 86' lang='lat' dir='ltr'><strong>retardem&#39;</strong></span> 
     </span>
    </p>

    <p class='ocr_par' dir='ltr' id='par_1_5' title="bbox 277 2391 1347 2567">
     <span class='ocr_line' id='line_1_18' title="bbox 277 2391 1347 2477; baseline 0 -19"><span class='ocrx_word' id='word_1_118' title='bbox 277 2391 343 2458; x_wconf 92' lang='lat' dir='ltr'><strong>llll</strong></span> <span class='ocrx_word' id='word_1_119' title='bbox 415 2393 459 2458; x_wconf 78' lang='lat' dir='ltr'><strong>Et</strong></span> <span class='ocrx_word' id='word_1_120' title='bbox 494 2394 551 2458; x_wconf 94' lang='lat' dir='ltr'><strong>ille</strong></span> <span class='ocrx_word' id='word_1_121' title='bbox 590 2391 784 2476; x_wconf 79' lang='lat' dir='ltr'><strong>‘Augustus,</strong></span> <span class='ocrx_word' id='word_1_122' title='bbox 824 2395 971 2477; x_wconf 89' lang='lat' dir='ltr'><strong>inquam,</strong></span> <span class='ocrx_word' id='word_1_123' title='bbox 1013 2391 1133 2460; x_wconf 84' lang='lat' dir='ltr'><strong>ansar</strong></span> <span class='ocrx_word' id='word_1_124' title='bbox 1171 2393 1347 2459; x_wconf 87' lang='lat' dir='ltr'><strong>adfectauit</strong></span> 
     </span>
     <span class='ocr_line' id='line_1_19' title="bbox 331 2481 1347 2567; baseline -0.001 -20"><span class='ocrx_word' id='word_1_125' title='bbox 331 2482 435 2564; x_wconf 92' lang='lat' dir='ltr'><strong>iocos,</strong></span> <span class='ocrx_word' id='word_1_126' title='bbox 472 2482 564 2546; x_wconf 89' lang='lat' dir='ltr'><strong>saluo</strong></span> <span class='ocrx_word' id='word_1_127' title='bbox 601 2485 710 2545; x_wconf 89' lang='lat' dir='ltr'><strong>tamen</strong></span> <span class='ocrx_word' id='word_1_128' title='bbox 747 2481 929 2546; x_wconf 86' lang='lat' dir='ltr'><strong>maiestatis</strong></span> <span class='ocrx_word' id='word_1_129' title='bbox 961 2481 1157 2567; x_wconf 79' lang='lat' dir='ltr'><strong>pudorisque</strong></span> <span class='ocrx_word' id='word_1_130' title='bbox 1189 2487 1347 2566; x_wconf 81' lang='lat' dir='ltr'><strong>respectu,</strong></span> 
     </span>
    </p>

    <p class='ocr_par' dir='ltr' id='par_1_6' title="bbox 300 2569 1385 3009">
     <span class='ocr_line' id='line_1_20' title="bbox 300 2569 1346 2653; baseline 0 -19"><span class='ocrx_word' id='word_1_131' title='bbox 300 2570 389 2634; x_wconf 77' lang='lat' dir='ltr'><strong>2nec</strong></span> <span class='ocrx_word' id='word_1_132' title='bbox 426 2573 463 2633; x_wconf 91' lang='lat' dir='ltr'><strong>ut</strong></span> <span class='ocrx_word' id='word_1_133' title='bbox 500 2569 628 2634; x_wconf 88' lang='lat' dir='ltr'><strong>caderet</strong></span> <span class='ocrx_word' id='word_1_134' title='bbox 664 2571 698 2633; x_wconf 91' lang='lat' dir='ltr'><strong>iu</strong></span> <span class='ocrx_word' id='word_1_135' title='bbox 734 2591 888 2634; x_wconf 87' lang='lat' dir='ltr'><strong>scurram.</strong></span> <span class='ocrx_word' id='word_1_136' title='bbox 947 2572 1103 2635; x_wconf 80' lang='lat' dir='ltr'><strong>Aiacem</strong></span> <span class='ocrx_word' id='word_1_137' title='bbox 1144 2570 1346 2653; x_wconf 81' lang='lat' dir='ltr'><strong>tragoediam</strong></span> 
     </span>
     <span class='ocr_line' id='line_1_21' title="bbox 331 2657 1385 2743; baseline 0.002 -22"><span class='ocrx_word' id='word_1_138' title='bbox 331 2657 516 2741; x_wconf 87' lang='lat' dir='ltr'><strong>scripserat,</strong></span> <span class='ocrx_word' id='word_1_139' title='bbox 531 2657 737 2741; x_wconf 90' lang='lat' dir='ltr'><strong>eandemque,</strong></span> <span class='ocrx_word' id='word_1_140' title='bbox 752 2657 837 2740; x_wconf 92' lang='lat' dir='ltr'><strong>quod</strong></span> <span class='ocrx_word' id='word_1_141' title='bbox 851 2657 913 2721; x_wconf 90' lang='lat' dir='ltr'><strong>sibi</strong></span> <span class='ocrx_word' id='word_1_142' title='bbox 928 2657 1158 2743; x_wconf 87' lang='lat' dir='ltr'><strong>displicuisset,</strong></span> <span class='ocrx_word' id='word_1_143' title='bbox 1172 2658 1344 2723; x_wconf 86' lang='lat' dir='ltr'><strong>deleuerat.</strong></span> <span class='ocrx_word' id='word_1_144' title='bbox 1360 2689 1385 2728; x_wconf 77' lang='lat'><strong>20</strong></span> 
     </span>
     <span class='ocr_line' id='line_1_22' title="bbox 331 2744 1348 2832; baseline 0 -22"><span class='ocrx_word' id='word_1_145' title='bbox 331 2750 445 2830; x_wconf 89' lang='lat' dir='ltr'><strong>postea</strong></span> <span class='ocrx_word' id='word_1_146' title='bbox 468 2745 502 2811; x_wconf 86' lang='lat' dir='ltr'><strong>L.</strong></span> <span class='ocrx_word' id='word_1_147' title='bbox 526 2744 668 2810; x_wconf 86' lang='lat' dir='ltr'><strong>Varius</strong></span> <span class='ocrx_word' id='word_1_148' title='bbox 699 2746 937 2831; x_wconf 82' lang='lat' dir='ltr'><strong>tragoediarum</strong></span> <span class='ocrx_word' id='word_1_149' title='bbox 962 2747 1100 2831; x_wconf 90' lang='lat' dir='ltr'><strong>scriptor</strong></span> <span class='ocrx_word' id='word_1_150' title='bbox 1124 2748 1348 2832; x_wconf 82' lang='lat' dir='ltr'><strong>interrogabat</strong></span> 
     </span>
     <span class='ocr_line' id='line_1_23' title="bbox 331 2835 1346 2922; baseline 0.003 -24"><span class='ocrx_word' id='word_1_151' title='bbox 331 2857 418 2918; x_wconf 91' lang='lat' dir='ltr'><strong>eum,</strong></span> <span class='ocrx_word' id='word_1_152' title='bbox 446 2835 523 2920; x_wconf 87' lang='lat' dir='ltr'><strong>quid</strong></span> <span class='ocrx_word' id='word_1_153' title='bbox 551 2840 662 2919; x_wconf 85' lang='lat' dir='ltr'><strong>ageret</strong></span> <span class='ocrx_word' id='word_1_154' title='bbox 687 2836 769 2900; x_wconf 82' lang='lat' dir='ltr'><strong>Aiax</strong></span> <span class='ocrx_word' id='word_1_155' title='bbox 798 2858 883 2902; x_wconf 89' lang='lat' dir='ltr'><strong>suus.</strong></span> <span class='ocrx_word' id='word_1_156' title='bbox 935 2840 968 2900; x_wconf 90' lang='lat' dir='ltr'><strong>et</strong></span> <span class='ocrx_word' id='word_1_157' title='bbox 994 2836 1050 2900; x_wconf 92' lang='lat' dir='ltr'><strong>ille</strong></span> <span class='ocrx_word' id='word_1_158' title='bbox 1078 2837 1117 2901; x_wconf 93' lang='lat' dir='ltr'><strong>in</strong></span> <span class='ocrx_word' id='word_1_159' title='bbox 1144 2838 1346 2922; x_wconf 80' lang='lat' dir='ltr'><strong>spongiam</strong></span> 
     </span>
     <span class='ocr_line' id='line_1_24' title="bbox 331 2924 643 3009; baseline 0 -21"><span class='ocrx_word' id='word_1_160' title='bbox 331 2924 437 3009; x_wconf 89' lang='lat' dir='ltr'><strong>inquit</strong></span> <span class='ocrx_word' id='word_1_161' title='bbox 459 2924 643 2989; x_wconf 88' lang='lat' dir='ltr'><strong>incubuit</strong></span> 
     </span>
    </p>

    <p class='ocr_par' dir='ltr' id='par_1_7' title="bbox 301 3012 1385 3272">
     <span class='ocr_line' id='line_1_25' title="bbox 301 3012 1344 3097; baseline 0.001 -21"><span class='ocrx_word' id='word_1_162' title='bbox 301 3013 321 3076; x_wconf 86' lang='lat'>3</span> <span class='ocrx_word' id='word_1_163' title='bbox 420 3012 510 3076; x_wconf 92' lang='lat' dir='ltr'><strong>Idem</strong></span> <span class='ocrx_word' id='word_1_164' title='bbox 529 3014 708 3097; x_wconf 81' lang='lat' dir='ltr'><strong>Augustus,</strong></span> <span class='ocrx_word' id='word_1_165' title='bbox 731 3034 803 3076; x_wconf 91' lang='lat' dir='ltr'><strong>cum</strong></span> <span class='ocrx_word' id='word_1_166' title='bbox 825 3014 854 3076; x_wconf 88' lang='lat' dir='ltr'><strong>ei</strong></span> <span class='ocrx_word' id='word_1_167' title='bbox 878 3013 1008 3096; x_wconf 89' lang='lat' dir='ltr'><strong>quidam</strong></span> <span class='ocrx_word' id='word_1_168' title='bbox 1033 3014 1179 3078; x_wconf 90' lang='lat' dir='ltr'><strong>libellum</strong></span> <span class='ocrx_word' id='word_1_169' title='bbox 1200 3014 1344 3096; x_wconf 86' lang='lat' dir='ltr'><strong>trepidus</strong></span> 
     </span>
     <span class='ocr_line' id='line_1_26' title="bbox 332 3099 1385 3185; baseline 0.002 -21"><span class='ocrx_word' id='word_1_170' title='bbox 332 3100 476 3182; x_wconf 84' lang='lat' dir='ltr'><strong>offerret,</strong></span> <span class='ocrx_word' id='word_1_171' title='bbox 503 3105 537 3165; x_wconf 92' lang='lat' dir='ltr'><strong>et</strong></span> <span class='ocrx_word' id='word_1_172' title='bbox 559 3099 656 3164; x_wconf 92' lang='lat' dir='ltr'><strong>modo</strong></span> <span class='ocrx_word' id='word_1_173' title='bbox 682 3099 840 3184; x_wconf 82' lang='lat' dir='ltr'><strong>proferret</strong></span> <span class='ocrx_word' id='word_1_174' title='bbox 864 3123 1009 3183; x_wconf 87' lang='lat' dir='ltr'><strong>manum,</strong></span> <span class='ocrx_word' id='word_1_175' title='bbox 1038 3101 1133 3167; x_wconf 90' lang='lat' dir='ltr'><strong>modo</strong></span> <span class='ocrx_word' id='word_1_176' title='bbox 1156 3103 1345 3185; x_wconf 83' lang='lat' dir='ltr'><strong>retraheret,</strong></span> <span class='ocrx_word' id='word_1_177' title='bbox 1359 3140 1385 3178; x_wconf 70' lang='lat'><strong>25</strong></span> 
     </span>
     <span class='ocr_line' id='line_1_27' title="bbox 331 3189 1150 3272; baseline 0.002 -21"><span class='ocrx_word' id='word_1_178' title='bbox 331 3191 445 3272; x_wconf 87' lang='lat' dir='ltr'><strong>putas</strong></span> <span class='ocrx_word' id='word_1_179' title='bbox 469 3189 575 3272; x_wconf 87' lang='lat' dir='ltr'><strong>inquit</strong></span> <span class='ocrx_word' id='word_1_180' title='bbox 597 3194 634 3252; x_wconf 92' lang='lat' dir='ltr'><strong>te</strong></span> <span class='ocrx_word' id='word_1_181' title='bbox 658 3211 781 3253; x_wconf 86' lang='lat' dir='ltr'><strong>assem</strong></span> <span class='ocrx_word' id='word_1_182' title='bbox 805 3189 1015 3272; x_wconf 88' lang='lat' dir='ltr'><strong>elephanto</strong></span> <span class='ocrx_word' id='word_1_183' title='bbox 1039 3190 1150 3254; x_wconf 81' lang='lat' dir='ltr'><strong>dare?</strong></span> 
     </span>
    </p>

    <p class='ocr_par' dir='ltr' id='par_1_8' title="bbox 301 3275 1344 3453">
     <span class='ocr_line' id='line_1_28' title="bbox 301 3275 1344 3362; baseline 0.001 -21"><span class='ocrx_word' id='word_1_184' title='bbox 301 3279 323 3341; x_wconf 92' lang='lat'>4</span> <span class='ocrx_word' id='word_1_185' title='bbox 421 3275 520 3359; x_wconf 91' lang='lat' dir='ltr'><strong>ldem,</strong></span> <span class='ocrx_word' id='word_1_186' title='bbox 543 3298 616 3341; x_wconf 92' lang='lat' dir='ltr'><strong>cum</strong></span> <span class='ocrx_word' id='word_1_187' title='bbox 640 3277 681 3342; x_wconf 90' lang='lat' dir='ltr'><strong>ab</strong></span> <span class='ocrx_word' id='word_1_188' title='bbox 706 3299 743 3342; x_wconf 91' lang='lat' dir='ltr'><strong>eo</strong></span> <span class='ocrx_word' id='word_1_189' title='bbox 767 3277 957 3342; x_wconf 88' lang='lat' dir='ltr'><strong>Pacuuius</strong></span> <span class='ocrx_word' id='word_1_190' title='bbox 977 3277 1125 3343; x_wconf 83' lang='lat' dir='ltr'><strong>&#39;I&#39;aurus</strong></span> <span class='ocrx_word' id='word_1_191' title='bbox 1144 3279 1344 3362; x_wconf 79' lang='lat' dir='ltr'><strong>congiarium</strong></span> 
     </span>
     <span class='ocr_line' id='line_1_29' title="bbox 333 3365 1344 3453; baseline 0.001 -23"><span class='ocrx_word' id='word_1_192' title='bbox 333 3367 465 3448; x_wconf 89' lang='lat' dir='ltr'><strong>peteret,</strong></span> <span class='ocrx_word' id='word_1_193' title='bbox 489 3365 670 3451; x_wconf 89' lang='lat' dir='ltr'><strong>diceretque</strong></span> <span class='ocrx_word' id='word_1_194' title='bbox 694 3367 759 3430; x_wconf 91' lang='lat' dir='ltr'><strong>iam</strong></span> <span class='ocrx_word' id='word_1_195' title='bbox 783 3366 844 3430; x_wconf 91' lang='lat' dir='ltr'><strong>hoc</strong></span> <span class='ocrx_word' id='word_1_196' title='bbox 868 3366 1014 3431; x_wconf 85' lang='lat' dir='ltr'><strong>homines</strong></span> <span class='ocrx_word' id='word_1_197' title='bbox 1033 3369 1133 3453; x_wconf 84' lang='lat' dir='ltr'><strong>uulgo</strong></span> <span class='ocrx_word' id='word_1_198' title='bbox 1157 3368 1255 3450; x_wconf 92' lang='lat' dir='ltr'><strong>loqui,</strong></span> <span class='ocrx_word' id='word_1_199' title='bbox 1279 3389 1344 3431; x_wconf 89' lang='lat' dir='ltr'><strong>uon</strong></span> 
     </span>
    </p>
   </div>
   <div class='ocr_carea' id='block_1_3' title="bbox 328 3538 1349 4256">
    <p class='ocr_par' dir='ltr' id='par_1_9' title="bbox 328 3538 1349 4256">
     <span class='ocr_line' id='line_1_30' title="bbox 406 3538 1346 3610; baseline 0.003 -18"><span class='ocrx_word' id='word_1_200' title='bbox 406 3539 566 3595; x_wconf 75' lang='lat' dir='ltr'><strong>llimacho</strong></span> <span class='ocrx_word' id='word_1_201' title='bbox 586 3541 613 3593; x_wconf 89' lang='lat' dir='ltr'><em>P</em></span> <span class='ocrx_word' id='word_1_202' title='bbox 656 3547 832 3610; x_wconf 70' lang='lat' dir='ltr'><strong>equaquam</strong></span> <span class='ocrx_word' id='word_1_203' title='bbox 851 3538 886 3594; x_wconf 84' lang='grc' dir='ltr'><em>Β</em></span> <span class='ocrx_word' id='word_1_204' title='bbox 939 3549 1125 3596; x_wconf 83' lang='lat' dir='ltr'><strong>omemonae</strong></span> <span class='ocrx_word' id='word_1_205' title='bbox 1142 3539 1177 3595; x_wconf 82' lang='grc' dir='ltr'><em>Β</em></span> <span class='ocrx_word' id='word_1_206' title='bbox 1227 3548 1258 3595; x_wconf 77' lang='lat' dir='ltr'><strong>lt</strong></span> <span class='ocrx_word' id='word_1_207' title='bbox 1278 3549 1346 3597; x_wconf 79' lang='lat' dir='ltr'><strong>recta</strong></span> 
     </span>
     <span class='ocr_line' id='line_1_31' title="bbox 332 3612 1345 3682; baseline 0.002 -16"><span class='ocrx_word' id='word_1_208' title='bbox 332 3613 364 3666; x_wconf 82' lang='lat' dir='ltr'><strong>ia</strong></span> <span class='ocrx_word' id='word_1_209' title='bbox 382 3612 421 3667; x_wconf 80' lang='lat' dir='ltr'><strong>ed.</strong></span> <span class='ocrx_word' id='word_1_210' title='bbox 437 3612 512 3681; x_wconf 81' lang='lat' dir='ltr'><strong>aulp.</strong></span> <span class='ocrx_word' id='word_1_211' title='bbox 534 3644 566 3651; x_wconf 96' lang='lat'><em>-</em></span> <span class='ocrx_word' id='word_1_212' title='bbox 586 3614 657 3681; x_wconf 78' lang='lat' dir='ltr'><strong>qaod</strong></span> <span class='ocrx_word' id='word_1_213' title='bbox 680 3615 751 3667; x_wconf 79' lang='lat' dir='ltr'><strong>caim</strong></span> <span class='ocrx_word' id='word_1_214' title='bbox 773 3614 853 3681; x_wconf 82' lang='lat' dir='ltr'><strong>prior</strong></span> <span class='ocrx_word' id='word_1_215' title='bbox 872 3614 946 3669; x_wconf 84' lang='lat' dir='ltr'><strong>locas</strong></span> <span class='ocrx_word' id='word_1_216' title='bbox 964 3615 995 3666; x_wconf 84' lang='lat' dir='ltr'><strong>ia</strong></span> <span class='ocrx_word' id='word_1_217' title='bbox 1016 3613 1148 3668; x_wconf 75' lang='lat' dir='ltr'><strong>(ludione</strong></span> <span class='ocrx_word' id='word_1_218' title='bbox 1167 3614 1289 3682; x_wconf 79' lang='lat' dir='ltr'><strong>expletus</strong></span> <span class='ocrx_word' id='word_1_219' title='bbox 1308 3619 1345 3668; x_wconf 79' lang='lat' dir='ltr'><strong>cat</strong></span> 
     </span>
     <span class='ocr_line' id='line_1_32' title="bbox 332 3685 1345 3752; baseline -0.001 -14"><span class='ocrx_word' id='word_1_220' title='bbox 332 3690 359 3739; x_wconf 85' lang='lat' dir='ltr'><strong>et</strong></span> <span class='ocrx_word' id='word_1_221' title='bbox 386 3685 474 3752; x_wconf 79' lang='lat' dir='ltr'><strong>ipsam</strong></span> <span class='ocrx_word' id='word_1_222' title='bbox 504 3685 659 3739; x_wconf 78' lang='lat' dir='ltr'><strong>coraiectara</strong></span> <span class='ocrx_word' id='word_1_223' title='bbox 686 3685 791 3750; x_wconf 81' lang='lat' dir='ltr'><strong>sactum</strong></span> <span class='ocrx_word' id='word_1_224' title='bbox 818 3691 856 3740; x_wconf 80' lang='lat' dir='ltr'><strong>cst</strong></span> <span class='ocrx_word' id='word_1_225' title='bbox 880 3716 911 3725; x_wconf 89' lang='lat'><strong>·-</strong></span> <span class='ocrx_word' id='word_1_226' title='bbox 936 3686 1070 3740; x_wconf 71' lang='lat' dir='ltr'><strong>scatentia</strong></span> <span class='ocrx_word' id='word_1_227' title='bbox 1098 3703 1197 3740; x_wconf 68' lang='lat' dir='ltr'><strong>stranea</strong></span> <span class='ocrx_word' id='word_1_228' title='bbox 1219 3686 1291 3738; x_wconf 81' lang='lat' dir='ltr'><strong>luae</strong></span> <span class='ocrx_word' id='word_1_229' title='bbox 1314 3686 1345 3739; x_wconf 83' lang='lat' dir='ltr'><strong>ia</strong></span> 
     </span>
     <span class='ocr_line' id='line_1_33' title="bbox 331 3754 1345 3826; baseline 0 -17"><span class='ocrx_word' id='word_1_230' title='bbox 331 3755 440 3810; x_wconf 79' lang='lat' dir='ltr'><strong>raodam</strong></span> <span class='ocrx_word' id='word_1_231' title='bbox 459 3757 586 3810; x_wconf 78' lang='lat' dir='ltr'><strong>restituta</strong></span> <span class='ocrx_word' id='word_1_232' title='bbox 605 3757 703 3822; x_wconf 74' lang='lat' dir='ltr'><strong>uptam·</strong></span> <span class='ocrx_word' id='word_1_233' title='bbox 722 3760 753 3810; x_wconf 90' lang='lat' dir='ltr'><strong>at</strong></span> <span class='ocrx_word' id='word_1_234' title='bbox 775 3773 878 3826; x_wconf 80' lang='lat' dir='ltr'><strong>genero</strong></span> <span class='ocrx_word' id='word_1_235' title='bbox 901 3754 1015 3810; x_wconf 84' lang='lat' dir='ltr'><strong>ambula</strong></span> <span class='ocrx_word' id='word_1_236' title='bbox 1034 3759 1177 3825; x_wconf 73' lang='lat' dir='ltr'><strong>tanlquam</strong></span> <span class='ocrx_word' id='word_1_237' title='bbox 1198 3757 1302 3809; x_wconf 85' lang='lat' dir='ltr'><strong>femina</strong></span> <span class='ocrx_word' id='word_1_238' title='bbox 1321 3764 1345 3810; x_wconf 81' lang='lat' dir='ltr'><strong>et</strong></span> 
     </span>
     <span class='ocr_line' id='line_1_34' title="bbox 328 3826 1349 3896; baseline 0.001 -15"><span class='ocrx_word' id='word_1_239' title='bbox 328 3833 425 3896; x_wconf 73' lang='lat' dir='ltr'><strong>postca</strong></span> <span class='ocrx_word' id='word_1_240' title='bbox 448 3843 501 3894; x_wconf 83' lang='lat' dir='ltr'><strong>ego</strong></span> <span class='ocrx_word' id='word_1_241' title='bbox 525 3845 580 3882; x_wconf 90' lang='lat' dir='ltr'><strong>uon</strong></span> <span class='ocrx_word' id='word_1_242' title='bbox 603 3826 675 3882; x_wconf 85' lang='lat' dir='ltr'><strong>tanti</strong></span> <span class='ocrx_word' id='word_1_243' title='bbox 696 3826 823 3883; x_wconf 74' lang='lat' dir='ltr'><strong>fecissem</strong></span> <span class='ocrx_word' id='word_1_244' title='bbox 843 3829 934 3882; x_wconf 88' lang='lat' dir='ltr'><strong>simile</strong></span> <span class='ocrx_word' id='word_1_245' title='bbox 954 3829 1058 3882; x_wconf 81' lang='lat' dir='ltr'><strong>faulum</strong></span> <span class='ocrx_word' id='word_1_246' title='bbox 1117 3835 1148 3882; x_wconf 83' lang='lat' dir='ltr'><strong>la</strong></span> <span class='ocrx_word' id='word_1_247' title='bbox 1169 3830 1278 3881; x_wconf 83' lang='lat' dir='ltr'><strong>ruareul&#39;</strong></span> <span class='ocrx_word' id='word_1_248' title='bbox 1293 3828 1349 3882; x_wconf 83' lang='lat' dir='ltr'><strong>BP</strong></span> 
     </span>
     <span class='ocr_line' id='line_1_35' title="bbox 333 3901 1344 3969; baseline 0 -17"><span class='ocrx_word' id='word_1_249' title='bbox 333 3905 367 3952; x_wconf 82' lang='lat'><strong>14</strong></span> <span class='ocrx_word' id='word_1_250' title='bbox 386 3914 439 3969; x_wconf 83' lang='lat' dir='ltr'><strong>ego</strong></span> <span class='ocrx_word' id='word_1_251' title='bbox 458 3902 503 3953; x_wconf 69' lang='lat' dir='ltr'><strong>n*</strong></span> <span class='ocrx_word' id='word_1_252' title='bbox 523 3901 593 3968; x_wconf 74' lang='lat' dir='ltr'><strong>(zaid.</strong></span> <span class='ocrx_word' id='word_1_253' title='bbox 612 3902 698 3968; x_wconf 71' lang='lat' dir='ltr'><strong>saissa</strong></span> <span class='ocrx_word' id='word_1_254' title='bbox 718 3902 743 3967; x_wconf 85' lang='lat' dir='ltr'><strong>e)</strong></span> <span class='ocrx_word' id='word_1_255' title='bbox 763 3901 790 3954; x_wconf 92' lang='grc' dir='ltr'><em>Β</em></span> <span class='ocrx_word' id='word_1_256' title='bbox 875 3906 905 3952; x_wconf 81' lang='grc'><strong>16</strong></span> <span class='ocrx_word' id='word_1_257' title='bbox 925 3901 1187 3954; x_wconf 85' lang='grc' dir='ltr'>ΟΜΟΙΟΠΟΙΗῘΟΝ</span> <span class='ocrx_word' id='word_1_258' title='bbox 1209 3901 1235 3953; x_wconf 88' lang='grc' dir='ltr'><em>Β</em></span> <span class='ocrx_word' id='word_1_259' title='bbox 1314 3906 1344 3953; x_wconf 76' lang='lat' dir='ltr'><strong>la</strong></span> 
     </span>
     <span class='ocr_line' id='line_1_36' title="bbox 333 3969 1345 4039; baseline -0.002 -15"><span class='ocrx_word' id='word_1_260' title='bbox 333 3974 416 4039; x_wconf 80' lang='lat' dir='ltr'><strong>tragu</strong></span> <span class='ocrx_word' id='word_1_261' title='bbox 436 3973 518 4039; x_wconf 79' lang='lat' dir='ltr'><strong>(corr.</strong></span> <span class='ocrx_word' id='word_1_262' title='bbox 538 3973 568 4026; x_wconf 83' lang='lat' dir='ltr'><strong>ia</strong></span> <span class='ocrx_word' id='word_1_263' title='bbox 589 3972 743 4039; x_wconf 86' lang='lat' dir='ltr'><strong>o)aed1am</strong></span> <span class='ocrx_word' id='word_1_264' title='bbox 763 3972 790 4025; x_wconf 90' lang='lat' dir='ltr'><em>B</em></span> <span class='ocrx_word' id='word_1_265' title='bbox 845 3978 879 4025; x_wconf 80' lang='lat'><strong>20</strong></span> <span class='ocrx_word' id='word_1_266' title='bbox 899 3971 1044 4026; x_wconf 82' lang='lat' dir='ltr'><strong>deleuerat</strong></span> <span class='ocrx_word' id='word_1_267' title='bbox 1058 3969 1092 4025; x_wconf 91' lang='grc' dir='ltr'><strong>Β’</strong></span> <span class='ocrx_word' id='word_1_268' title='bbox 1148 3978 1179 4025; x_wconf 81' lang='lat'><strong>21</strong></span> <span class='ocrx_word' id='word_1_269' title='bbox 1198 3973 1228 4025; x_wconf 80' lang='lat' dir='ltr'><strong>h.</strong></span> <span class='ocrx_word' id='word_1_270' title='bbox 1245 3969 1345 4024; x_wconf 82' lang='lat' dir='ltr'><strong>Varius</strong></span> 
     </span>
     <span class='ocr_line' id='line_1_37' title="bbox 335 4037 1345 4111; baseline 0.001 -18"><span class='ocrx_word' id='word_1_271' title='bbox 335 4042 787 4111; x_wconf 76' lang='lat' dir='ltr'><strong>l&#39;oataaas21uerulgra1ulBP</strong></span> <span class='ocrx_word' id='word_1_272' title='bbox 852 4044 1061 4111; x_wconf 78' lang='lat' dir='ltr'><strong>tragoediarum</strong></span> <span class='ocrx_word' id='word_1_273' title='bbox 1081 4044 1108 4096; x_wconf 92' lang='grc' dir='ltr'><em>Β</em></span> <span class='ocrx_word' id='word_1_274' title='bbox 1163 4048 1196 4096; x_wconf 76' lang='lat'><strong>22</strong></span> <span class='ocrx_word' id='word_1_275' title='bbox 1217 4042 1290 4111; x_wconf 84' lang='lat' dir='ltr'><strong>quod</strong></span> <span class='ocrx_word' id='word_1_276' title='bbox 1309 4037 1345 4095; x_wconf 86' lang='lat' dir='ltr'><strong>B&#39;</strong></span> 
     </span>
     <span class='ocr_line' id='line_1_38' title="bbox 332 4113 1345 4184; baseline 0 -18"><span class='ocrx_word' id='word_1_277' title='bbox 332 4118 366 4166; x_wconf 78' lang='lat'><strong>24</strong></span> <span class='ocrx_word' id='word_1_278' title='bbox 385 4114 474 4182; x_wconf 75' lang='lat' dir='ltr'><strong>quida</strong></span> <span class='ocrx_word' id='word_1_279' title='bbox 492 4130 543 4168; x_wconf 76' lang='lat' dir='ltr'><strong>orie.</strong></span> <span class='ocrx_word' id='word_1_280' title='bbox 563 4114 591 4167; x_wconf 89' lang='lat' dir='ltr'><strong><em>P</em></strong></span> <span class='ocrx_word' id='word_1_281' title='bbox 638 4119 672 4168; x_wconf 80' lang='lat'><strong>26</strong></span> <span class='ocrx_word' id='word_1_282' title='bbox 693 4114 814 4169; x_wconf 83' lang='lat' dir='ltr'><strong>elefanto</strong></span> <span class='ocrx_word' id='word_1_283' title='bbox 835 4115 863 4167; x_wconf 82' lang='grc' dir='ltr'><strong><em>Ρ</em></strong></span> <span class='ocrx_word' id='word_1_284' title='bbox 912 4120 944 4167; x_wconf 76' lang='lat'><strong>27</strong></span> <span class='ocrx_word' id='word_1_285' title='bbox 965 4114 1101 4168; x_wconf 87' lang='lat' dir='ltr'><strong>Pacuuius</strong></span> <span class='ocrx_word' id='word_1_286' title='bbox 1116 4113 1345 4184; x_wconf 82' lang='lat' dir='ltr'><strong>Satiaturpeaeis:</strong></span> 
     </span>
     <span class='ocr_line' id='line_1_39' title="bbox 332 4181 1011 4256; baseline 0.004 -21"><span class='ocrx_word' id='word_1_287' title='bbox 332 4184 470 4253; x_wconf 84' lang='lat' dir='ltr'><strong>pscubrul</strong></span> <span class='ocrx_word' id='word_1_288' title='bbox 485 4186 521 4254; x_wconf 84' lang='lat' dir='ltr'><strong>B,</strong></span> <span class='ocrx_word' id='word_1_289' title='bbox 540 4184 697 4256; x_wconf 85' lang='lat' dir='ltr'><strong>pachuhrul</strong></span> <span class='ocrx_word' id='word_1_290' title='bbox 714 4187 741 4239; x_wconf 85' lang='lat' dir='ltr'><strong><em>P</em></strong></span> <span class='ocrx_word' id='word_1_291' title='bbox 794 4185 955 4255; x_wconf 85' lang='lat' dir='ltr'><strong>congiaruur</strong></span> <span class='ocrx_word' id='word_1_292' title='bbox 977 4181 1011 4239; x_wconf 82' lang='grc' dir='ltr'><em>Β</em></span> 
     </span>
    </p>
   </div>
   <div class='ocr_carea' id='block_1_4' title="bbox 0 0 1674 5190">
    <p class='ocr_par' dir='ltr' id='par_1_10' title="bbox 0 0 1674 5190">
     <span class='ocr_line' id='line_1_40' title="bbox 0 0 1674 5190; baseline 0 0"><span class='ocrx_word' id='word_1_293' title='bbox 0 0 1674 5190; x_wconf 95' lang='lat' dir='ltr'><strong> </strong></span> 
     </span>
    </p>
   </div>
  </div>
 </body>
</html>
