3322 5190
329 829 395 893 118
728 825 805 881 aaa.
824 824 922 880 arear
940 826 952 880 1

328 991 438 1073 potest
460 986 581 1070 colligi,
604 985 691 1071 quod
714 986 779 1049 ritu
803 1007 914 1050 eorum
933 985 1078 1049 catabasi
1098 986 1191 1049 finita
1209 985 1344 1049 simula-

328 1076 480 1160 tioneque
503 1075 610 1138 luctus
633 1074 767 1155 peracta
790 1073 972 1139 celebratur
1002 1072 1147 1137 laetitiae
1177 1071 1345 1137 exordium

329 1185 358 1227 a.
377 1161 406 1226 d.
430 1165 582 1227 octauum
601 1159 766 1226 Kalendas
785 1159 919 1244 Aprilis.
957 1181 1054 1244 quem
1078 1160 1164 1225 diem
1188 1158 1345 1224 Hilaria

329 1250 507 1336 appellant,
534 1271 598 1335 quo
626 1249 766 1334 primam
796 1253 940 1333 tempore
969 1248 1017 1312 sol
1045 1247 1130 1314 diem
1161 1248 1345 1332 longiorem

328 1343 423 1405 nocte
446 1337 620 1422 protendit.

277 1430 315 1494 ll
416 1426 507 1492 Idem
538 1428 598 1492 sub
630 1425 767 1490 diuersis
794 1425 982 1491 nominibus
1010 1425 1178 1509 religionis
1211 1426 1345 1490 effectus

329 1520 381 1583 est
408 1516 493 1602 apud
522 1515 717 1601 Aegyptios,
744 1536 817 1579 cum
845 1514 909 1579 isis
937 1512 1045 1579 Osirin
1072 1513 1172 1600 lugct.
1222 1536 1283 1579 nec
1310 1515 1344 1578 in

329 1607 456 1673 occulto
475 1608 525 1670 est
543 1626 648 1690 neque
667 1604 753 1669 aliud
774 1625 844 1669 esse
863 1602 994 1669 Osirin
1018 1625 1116 1688 quam
1141 1603 1261 1669 solem
1286 1625 1344 1669 nec

330 1695 414 1763 Isin
432 1695 520 1761 aliud
539 1716 610 1759 esse
629 1716 725 1778 quam
750 1698 907 1778 terram,
929 1696 967 1758 ut
984 1693 1133 1779 diximus,
1151 1698 1345 1760 naturamue

329 1808 446 1870 rerum,
470 1784 645 1868 eademque
668 1784 764 1867 ratio,
786 1805 866 1867 quae
890 1784 976 1848 circa
995 1783 1125 1848 Adonin
1146 1788 1178 1849 et
1197 1783 1343 1848 Attinem
1361 1816 1384 1851 n

330 1874 484 1957 uertitur,
521 1873 556 1936 in
591 1872 756 1958 Aegyptia
792 1893 919 1956 quoque
955 1873 1113 1956 religione
1150 1873 1275 1937 luctum
1313 1880 1346 1938 et

329 1961 488 2028 laetitiam
529 1958 657 2026 uicibus
698 1981 822 2026 annuae
863 1959 1152 2026 administrationis
1192 1960 1343 2027 alternat.

278 2051 416 2116 12hunc
435 2049 542 2116 Osirin
561 2047 727 2134 Aegyptii,
749 2053 786 2114 ut
805 2049 906 2114 solem
925 2071 995 2114 esse
1014 2048 1174 2132 adserunt,
1193 2051 1345 2134 quotiens

329 2139 584 2225 hieroglyphicis
603 2137 722 2203 litteris
742 2138 808 2203 suis
827 2139 1006 2223 exprimere
1021 2138 1144 2223 uolunt,
1158 2139 1346 2223 insculpunt

328 2231 506 2312 sceptrum,
533 2228 631 2311 inque
659 2248 697 2291 eo
726 2228 865 2310 speciem
891 2228 975 2292 oculi
999 2227 1196 2312 exprimunt,
1223 2232 1258 2292 et
1282 2227 1345 2292 hoc
1361 2261 1384 2298 n

329 2316 424 2400 signo
443 2315 552 2378 Osirin
571 2318 764 2397 monstrant,
787 2316 1007 2397 significantes
1025 2315 1110 2379 laune
1129 2315 1223 2379 deum
1243 2317 1345 2380 solem

329 2423 412 2487 esse,
441 2403 607 2485 regalique
635 2405 797 2485 potestate
825 2402 997 2466 sublimem
1024 2406 1142 2465 cuncta
1171 2401 1346 2485 despicere,

278 2490 407 2573 quuia
430 2490 549 2553 solem
572 2486 679 2551 Iouis
703 2489 853 2553 oculum
872 2488 1017 2570 appellat
1035 2489 1219 2572 antiquitas.
1258 2488 1344 2573 apud

329 2576 459 2642 eosdem
483 2574 640 2659 Apollo,
664 2575 719 2658 qui
742 2579 794 2639 est
816 2574 875 2658 sol,
897 2573 1025 2640 Horus
1048 2580 1193 2659 uocatur,
1216 2598 1254 2641 ex
1279 2598 1344 2661 quo

329 2668 365 2728 et
390 2664 508 2728 horae
535 2662 654 2746 uiginti
683 2667 852 2745 quattuor,
880 2662 997 2746 quibus
1026 2663 1094 2728 dies
1119 2685 1248 2748 noxque
1272 2687 1344 2729 con·
1360 2694 1386 2732 aa

327 2753 445 2834 ficitur,
466 2772 584 2817 nomen
605 2754 806 2835 acceperunt,
825 2755 857 2815 et
875 2755 1030 2836 quattuor
1047 2755 1206 2837 tempora,
1226 2754 1346 2839 quibus

330 2863 456 2907 annuus
480 2840 568 2915 orbis
591 2840 755 2922 impletur,
777 2839 876 2905 horae
898 2845 1064 2907 uocantur.

280 2933 320 2995 14
418 2928 509 2993 Idam
525 2928 689 3013 Aegyptii,
704 2928 851 2992 uolentes
869 2930 971 3012 ipsius
990 2931 1068 2995 solis
1088 2931 1217 2995 nomine
1236 2930 1345 2995 dicare

330 3018 552 3098 simulacrum,
578 3015 761 3100 fignrauere
784 3038 857 3081 raso
883 3019 1001 3100 capite,
1030 3017 1085 3082 sed
1110 3018 1223 3082 dextra
1249 3023 1345 3100 parte

330 3106 416 3170 crine
440 3108 635 3169 remanente.
672 3108 819 3168 seruatus
842 3105 940 3169 crinis
964 3104 1058 3169 docet
1081 3107 1181 3170 solem
1205 3110 1344 3172 naturae
1359 3135 1384 3173 aa

330 3214 437 3258 rerum
461 3214 638 3276 numquam
661 3213 730 3255 esse
754 3192 788 3255 in
811 3197 935 3276 operto,
957 3193 1079 3278 dempti
1103 3198 1210 3258 autem
1233 3197 1345 3279 capilli

330 3281 488 3346 residente
515 3280 622 3344 radice
652 3285 836 3344 monstrant
863 3280 924 3344 hoc
952 3281 1040 3345 sidus
1064 3282 1162 3347 etiam
1187 3286 1344 3366 tempore,

331 3392 395 3454 quo
409 3391 474 3434 nou
490 3369 610 3433 uisitur
624 3391 643 3433 a
657 3368 763 3446 nobis,
777 3390 904 3433 rursum
919 3370 1112 3455 emergendi,
1131 3371 1178 3435 nti
1198 3373 1344 3456 capillos,

281 3458 451 3529 lbhabere
474 3457 700 3523 substantiam.
736 3456 847 3522 eodem
871 3462 1061 3542 argumento
1086 3460 1289 3544 significatur
1312 3466 1346 3525 et

404 3720 618 3776 lcatabairlB
674 3728 733 3776 tu.
749 3720 789 3792 d]
808 3721 919 3777 adliP
972 3723 1164 3797 'tpgrptrolll
1219 3726 1344 3780 80srrnn

332 3794 395 3849 BP
439 3792 535 3847 trina
556 3795 615 3847 ΒΡ
658 3795 855 3848 naturarunnra
876 3797 902 3848 ll
950 3802 982 3849 ro
1001 3800 1100 3850 aturnn
1115 3796 1143 3849 1⁵
1187 3799 1346 3870 llpgrrtra

331 3865 358 3918 P
426 3871 459 3918 13
478 3864 571 3917 olnam
591 3865 617 3917 B
686 3864 788 3920 osanna
807 3869 907 3938 pgrptrJ
927 3867 955 3920 P
1025 3872 1056 3920 14
1074 3866 1278 3937 hieroclyplncr
1308 3871 1345 3937 B,

331 3934 545 4003 haaroghphrorl
561 3935 589 3988 P
655 3942 687 3988 lo
708 3935 833 4006 sceptron
854 3938 880 3990 Β
949 3945 980 3991 li
1000 3937 1135 4006 dispicere
1154 3939 1182 3991 P
1249 3945 1280 3993 19
1300 3957 1345 3993 eo·

331 4041 395 4093 dem
419 4036 457 4091 P'
495 4045 529 4092 20
544 4039 567 4093 da
582 4056 629 4094 ore
644 4037 679 4093 B'
717 4045 836 4108 quatuor
852 4043 879 4095 P
913 4049 945 4095 21
962 4039 1136 4111 temporeB‘
1176 4049 1209 4097 tt
1224 4025 1347 4098 annisB

331 4115 365 4162 28
385 4108 414 4161 rd
434 4108 476 4161 elt
494 4109 528 4161 B'
586 4116 684 4181 egran
707 4113 778 4178 quod
796 4112 915 4180 amplias
932 4127 988 4165 aon
1006 4112 1107 4166 arctabo
1128 4112 1156 4167 P
1208 4119 1243 4167 24
1263 4113 1345 4168 limu-

330 4176 458 4233 lachrum
479 4179 507 4231 P
573 4179 649 4232 erato
669 4179 696 4232 B
763 4186 797 4235 26
816 4185 978 4236 remanante
999 4177 1035 4234 P'
