<?xml version="1.0" encoding="UTF-8"?>
<!DOCTYPE html PUBLIC "-//W3C//DTD XHTML 1.0 Transitional//EN"
    "http://www.w3.org/TR/xhtml1/DTD/xhtml1-transitional.dtd">
<html xmlns="http://www.w3.org/1999/xhtml" xml:lang="en" lang="en">
 <head>
  <title>
</title>
<meta http-equiv="Content-Type" content="text/html;charset=utf-8" />
  <meta name='ocr-system' content='tesseract 3.04.00' />
  <meta name='ocr-capabilities' content='ocr_page ocr_carea ocr_par ocr_line ocrx_word'/>
</head>
<body>
  <div class='ocr_page' id='page_1' title='image "./macrobius00cicegoog_0577.png"; bbox 0 0 3322 5190; ppageno 0'>
   <div class='ocr_carea' id='block_1_1' title="bbox 617 872 1347 943">
    <p class='ocr_par' dir='ltr' id='par_1_1' title="bbox 617 872 1347 943">
     <span class='ocr_line' id='line_1_1' title="bbox 617 872 1347 943; baseline 0.019 -14"><span class='ocrx_word' id='word_1_1' title='bbox 617 873 709 929; x_wconf 81' lang='lat' dir='ltr'>xvln</span> <span class='ocrx_word' id='word_1_2' title='bbox 728 879 833 931; x_wconf 84' lang='lat' dir='ltr'>re-ro</span> <span class='ocrx_word' id='word_1_3' title='bbox 861 872 969 931; x_wconf 84' lang='lat' dir='ltr'>xvlln</span> <span class='ocrx_word' id='word_1_4' title='bbox 988 880 1056 931; x_wconf 85' lang='lat' dir='ltr'>1-r</span> <span class='ocrx_word' id='word_1_5' title='bbox 1280 874 1347 943; x_wconf 75' lang='lat'>569</span> 
     </span>
    </p>
   </div>
   <div class='ocr_carea' id='block_1_2' title="bbox 302 1035 1375 1566">
    <p class='ocr_par' dir='ltr' id='par_1_2' title="bbox 302 1035 1375 1566">
     <span class='ocr_line' id='line_1_2' title="bbox 332 1035 1346 1124; baseline 0.005 -23"><span class='ocrx_word' id='word_1_6' title='bbox 332 1035 382 1103; x_wconf 94' lang='lat' dir='ltr'>sol</span> <span class='ocrx_word' id='word_1_7' title='bbox 401 1058 498 1122; x_wconf 88' lang='lat' dir='ltr'>supra</span> <span class='ocrx_word' id='word_1_8' title='bbox 516 1036 714 1104; x_wconf 83' lang='lat' dir='ltr'><strong>Mercurium</strong></span> <span class='ocrx_word' id='word_1_9' title='bbox 734 1059 895 1124; x_wconf 83' lang='lat' dir='ltr'>supraque</span> <span class='ocrx_word' id='word_1_10' title='bbox 913 1037 1075 1106; x_wconf 80' lang='lat' dir='ltr'>Venerem</span> <span class='ocrx_word' id='word_1_11' title='bbox 1095 1058 1165 1105; x_wconf 86' lang='lat' dir='ltr'>esse</span> <span class='ocrx_word' id='word_1_12' title='bbox 1189 1037 1346 1106; x_wconf 73' lang='lat' dir='ltr'>medetur.</span> 
     </span>
     <span class='ocr_line' id='line_1_3' title="bbox 330 1126 1345 1214; baseline 0.003 -24"><span class='ocrx_word' id='word_1_13' title='bbox 330 1146 407 1191; x_wconf 88' lang='lat' dir='ltr'>nam</span> <span class='ocrx_word' id='word_1_14' title='bbox 429 1147 489 1192; x_wconf 90' lang='lat' dir='ltr'>nec</span> <span class='ocrx_word' id='word_1_15' title='bbox 511 1126 574 1211; x_wconf 89' lang='lat' dir='ltr'>illi,</span> <span class='ocrx_word' id='word_1_16' title='bbox 597 1127 653 1211; x_wconf 89' lang='lat' dir='ltr'>qui</span> <span class='ocrx_word' id='word_1_17' title='bbox 675 1127 724 1192; x_wconf 87' lang='lat' dir='ltr'>ita</span> <span class='ocrx_word' id='word_1_18' title='bbox 746 1127 933 1212; x_wconf 88' lang='lat' dir='ltr'>aestimant,</span> <span class='ocrx_word' id='word_1_19' title='bbox 957 1149 977 1192; x_wconf 90' lang='lat' dir='ltr'>a</span> <span class='ocrx_word' id='word_1_20' title='bbox 999 1127 1106 1214; x_wconf 85' lang='lat' dir='ltr'>spacia</span> <span class='ocrx_word' id='word_1_21' title='bbox 1133 1126 1203 1193; x_wconf 87' lang='lat' dir='ltr'>ueri</span> <span class='ocrx_word' id='word_1_22' title='bbox 1228 1127 1345 1214; x_wconf 90' lang='lat' dir='ltr'>procul</span> 
     </span>
     <span class='ocr_line' id='line_1_4' title="bbox 332 1212 1343 1301; baseline 0.005 -23"><span class='ocrx_word' id='word_1_23' title='bbox 332 1212 498 1296; x_wconf 85' lang='lat' dir='ltr'>aberrant,</span> <span class='ocrx_word' id='word_1_24' title='bbox 525 1214 712 1301; x_wconf 82' lang='lat' dir='ltr'>opinionem</span> <span class='ocrx_word' id='word_1_25' title='bbox 739 1238 817 1282; x_wconf 86' lang='lat' dir='ltr'>uero</span> <span class='ocrx_word' id='word_1_26' title='bbox 844 1215 940 1280; x_wconf 90' lang='lat' dir='ltr'>istius</span> <span class='ocrx_word' id='word_1_27' title='bbox 967 1215 1219 1301; x_wconf 69' lang='lat' dir='ltr'>permutationis</span> <span class='ocrx_word' id='word_1_28' title='bbox 1247 1215 1343 1283; x_wconf 88' lang='lat' dir='ltr'>huius</span> 
     </span>
     <span class='ocr_line' id='line_1_5' title="bbox 330 1300 1375 1389; baseline 0.004 -23"><span class='ocrx_word' id='word_1_29' title='bbox 330 1303 417 1367; x_wconf 93' lang='lat' dir='ltr'>modi</span> <span class='ocrx_word' id='word_1_30' title='bbox 445 1304 529 1369; x_wconf 90' lang='lat' dir='ltr'>ratio</span> <span class='ocrx_word' id='word_1_31' title='bbox 562 1303 732 1388; x_wconf 85' lang='lat' dir='ltr'>persuasit</span> <span class='ocrx_word' id='word_1_32' title='bbox 784 1327 804 1369; x_wconf 91' lang='lat' dir='ltr'>a</span> <span class='ocrx_word' id='word_1_33' title='bbox 830 1300 964 1369; x_wconf 76' lang='lat' dir='ltr'>Saturni</span> <span class='ocrx_word' id='word_1_34' title='bbox 995 1303 1146 1388; x_wconf 89' lang='lat' dir='ltr'>sphaera,</span> <span class='ocrx_word' id='word_1_35' title='bbox 1179 1325 1262 1389; x_wconf 84' lang='lat' dir='ltr'>quae</span> <span class='ocrx_word' id='word_1_36' title='bbox 1295 1304 1375 1370; x_wconf 84' lang='lat' dir='ltr'>est3</span> 
     </span>
     <span class='ocr_line' id='line_1_6' title="bbox 302 1390 1342 1496; baseline 0.003 -41"><span class='ocrx_word' id='word_1_37' title='bbox 302 1391 436 1475; x_wconf 73' lang='lat' dir='ltr'>optima</span> <span class='ocrx_word' id='word_1_38' title='bbox 457 1391 496 1457; x_wconf 89' lang='lat' dir='ltr'>de</span> <span class='ocrx_word' id='word_1_39' title='bbox 519 1394 654 1496; x_wconf 78' lang='lat' dir='ltr'>septem,</span> <span class='ocrx_word' id='word_1_40' title='bbox 676 1413 779 1495; x_wconf 78' lang='lat' dir='ltr'>usque</span> <span class='ocrx_word' id='word_1_41' title='bbox 801 1390 843 1496; x_wconf 73' lang='lat' dir='ltr'>ad</span> <span class='ocrx_word' id='word_1_42' title='bbox 866 1392 1039 1496; x_wconf 78' lang='lat' dir='ltr'>sphaeram</span> <span class='ocrx_word' id='word_1_43' title='bbox 1060 1392 1150 1495; x_wconf 75' lang='lat' dir='ltr'>Iouis</span> <span class='ocrx_word' id='word_1_44' title='bbox 1173 1413 1194 1457; x_wconf 91' lang='lat' dir='ltr'>a</span> <span class='ocrx_word' id='word_1_45' title='bbox 1216 1412 1342 1458; x_wconf 85' lang='lat' dir='ltr'>summo</span> 
     </span>
     <span class='ocr_line' id='line_1_7' title="bbox 329 1479 1344 1566; baseline 0.003 -23"><span class='ocrx_word' id='word_1_46' title='bbox 329 1479 500 1545; x_wconf 86' lang='lat' dir='ltr'>secundam</span> <span class='ocrx_word' id='word_1_47' title='bbox 542 1483 703 1547; x_wconf 77' lang='lat' dir='ltr'>interiecti</span> <span class='ocrx_word' id='word_1_48' title='bbox 745 1483 843 1566; x_wconf 83' lang='lat' dir='ltr'>apatn</span> <span class='ocrx_word' id='word_1_49' title='bbox 879 1485 971 1547; x_wconf 89' lang='lat' dir='ltr'>tanta</span> <span class='ocrx_word' id='word_1_50' title='bbox 1007 1481 1165 1547; x_wconf 79' lang='lat' dir='ltr'>distantia</span> <span class='ocrx_word' id='word_1_51' title='bbox 1201 1483 1265 1565; x_wconf 88' lang='lat' dir='ltr'>est,</span> <span class='ocrx_word' id='word_1_52' title='bbox 1306 1485 1344 1547; x_wconf 88' lang='lat' dir='ltr'>ut</span> 
     </span>
    </p>
   </div>
   <div class='ocr_carea' id='block_1_3' title="bbox 329 1567 1468 1655">
    <p class='ocr_par' dir='ltr' id='par_1_3' title="bbox 329 1567 1468 1655">
     <span class='ocr_line' id='line_1_8' title="bbox 329 1567 1468 1655; baseline 0.004 -23"><span class='ocrx_word' id='word_1_53' title='bbox 329 1567 451 1634; x_wconf 79' lang='lat' dir='ltr'>zodiaci</span> <span class='ocrx_word' id='word_1_54' title='bbox 484 1568 643 1634; x_wconf 88' lang='lat' dir='ltr'>ambitum</span> <span class='ocrx_word' id='word_1_55' title='bbox 679 1569 826 1654; x_wconf 82' lang='lat' dir='ltr'>superior</span> <span class='ocrx_word' id='word_1_56' title='bbox 857 1569 996 1655; x_wconf 84' lang='lat' dir='ltr'>triginta</span> <span class='ocrx_word' id='word_1_57' title='bbox 1027 1570 1136 1655; x_wconf 91' lang='lat' dir='ltr'>annis,</span> <span class='ocrx_word' id='word_1_58' title='bbox 1172 1568 1342 1636; x_wconf 79' lang='lat' dir='ltr'>duodecim</span> <span class='ocrx_word' id='word_1_59' title='bbox 1465 1601 1468 1607; x_wconf 95' lang='lat'>·</span> 
     </span>
    </p>
   </div>
   <div class='ocr_carea' id='block_1_4' title="bbox 280 1656 1418 4322">
    <p class='ocr_par' dir='ltr' id='par_1_4' title="bbox 280 1656 1418 4322">
     <span class='ocr_line' id='line_1_9' title="bbox 327 1656 1342 1743; baseline 0.003 -22"><span class='ocrx_word' id='word_1_60' title='bbox 327 1676 405 1724; x_wconf 86' lang='lat' dir='ltr'>uero</span> <span class='ocrx_word' id='word_1_61' title='bbox 434 1657 528 1723; x_wconf 86' lang='lat' dir='ltr'>annis</span> <span class='ocrx_word' id='word_1_62' title='bbox 556 1657 704 1723; x_wconf 88' lang='lat' dir='ltr'>subiecta</span> <span class='ocrx_word' id='word_1_63' title='bbox 731 1659 895 1743; x_wconf 73' lang='lat' dir='ltr'>conficiat,</span> <span class='ocrx_word' id='word_1_64' title='bbox 924 1679 1036 1724; x_wconf 89' lang='lat' dir='ltr'>rursus</span> <span class='ocrx_word' id='word_1_65' title='bbox 1063 1661 1192 1724; x_wconf 86' lang='lat' dir='ltr'>tontum</span> <span class='ocrx_word' id='word_1_66' title='bbox 1221 1680 1241 1724; x_wconf 89' lang='lat' dir='ltr'>a</span> <span class='ocrx_word' id='word_1_67' title='bbox 1263 1656 1342 1724; x_wconf 88' lang='lat' dir='ltr'>Ioue</span> 
     </span>
     <span class='ocr_line' id='line_1_10' title="bbox 327 1744 1341 1834; baseline 0.004 -24"><span class='ocrx_word' id='word_1_68' title='bbox 327 1744 467 1830; x_wconf 89' lang='lat' dir='ltr'>sphoera</span> <span class='ocrx_word' id='word_1_69' title='bbox 494 1745 610 1812; x_wconf 83' lang='lat' dir='ltr'>Martia</span> <span class='ocrx_word' id='word_1_70' title='bbox 643 1747 778 1834; x_wconf 79' lang='lat' dir='ltr'>recedit,</span> <span class='ocrx_word' id='word_1_71' title='bbox 809 1751 847 1814; x_wconf 91' lang='lat' dir='ltr'>ut</span> <span class='ocrx_word' id='word_1_72' title='bbox 879 1747 1016 1813; x_wconf 83' lang='lat' dir='ltr'>eundem</span> <span class='ocrx_word' id='word_1_73' title='bbox 1048 1769 1178 1815; x_wconf 88' lang='lat' dir='ltr'>cursum</span> <span class='ocrx_word' id='word_1_74' title='bbox 1210 1747 1341 1814; x_wconf 89' lang='lat' dir='ltr'>biennio</span> 
     </span>
     <span class='ocr_line' id='line_1_11' title="bbox 289 1834 1374 1924; baseline 0.003 -24"><span class='ocrx_word' id='word_1_75' title='bbox 289 1852 314 1893; x_wconf 82' lang='grc' dir='ltr'>ιο</span> <span class='ocrx_word' id='word_1_76' title='bbox 327 1839 472 1923; x_wconf 82' lang='lat' dir='ltr'>peragat.</span> <span class='ocrx_word' id='word_1_77' title='bbox 518 1835 629 1902; x_wconf 83' lang='lat' dir='ltr'>Venus</span> <span class='ocrx_word' id='word_1_78' title='bbox 657 1840 767 1903; x_wconf 84' lang='lat' dir='ltr'>autam</span> <span class='ocrx_word' id='word_1_79' title='bbox 794 1839 887 1905; x_wconf 87' lang='lat' dir='ltr'>tanto</span> <span class='ocrx_word' id='word_1_80' title='bbox 915 1841 966 1904; x_wconf 91' lang='lat' dir='ltr'>cst</span> <span class='ocrx_word' id='word_1_81' title='bbox 991 1837 1126 1924; x_wconf 76' lang='lat' dir='ltr'>regione</span> <span class='ocrx_word' id='word_1_82' title='bbox 1149 1836 1265 1904; x_wconf 91' lang='lat' dir='ltr'>Martis</span> <span class='ocrx_word' id='word_1_83' title='bbox 1293 1834 1374 1904; x_wconf 87' lang='lat' dir='ltr'>in·4</span> 
     </span>
     <span class='ocr_line' id='line_1_12' title="bbox 325 1923 1339 2014; baseline 0.005 -25"><span class='ocrx_word' id='word_1_84' title='bbox 325 1923 433 2011; x_wconf 87' lang='lat' dir='ltr'>ferior,</span> <span class='ocrx_word' id='word_1_85' title='bbox 456 1928 494 1991; x_wconf 92' lang='lat' dir='ltr'>ut</span> <span class='ocrx_word' id='word_1_86' title='bbox 511 1925 541 1991; x_wconf 93' lang='lat' dir='ltr'>ei</span> <span class='ocrx_word' id='word_1_87' title='bbox 560 1947 664 1991; x_wconf 89' lang='lat' dir='ltr'>annus</span> <span class='ocrx_word' id='word_1_88' title='bbox 683 1926 764 1992; x_wconf 90' lang='lat' dir='ltr'>satis</span> <span class='ocrx_word' id='word_1_89' title='bbox 783 1927 828 1993; x_wconf 88' lang='lat' dir='ltr'>sit</span> <span class='ocrx_word' id='word_1_90' title='bbox 846 1926 887 1992; x_wconf 90' lang='lat' dir='ltr'>ad</span> <span class='ocrx_word' id='word_1_91' title='bbox 906 1926 1072 1994; x_wconf 79' lang='lat' dir='ltr'>zodiacum</span> <span class='ocrx_word' id='word_1_92' title='bbox 1090 1926 1339 2014; x_wconf 79' lang='lat' dir='ltr'>peragrandum.</span> 
     </span>
     <span class='ocr_line' id='line_1_13' title="bbox 325 2013 1342 2102; baseline 0.004 -24"><span class='ocrx_word' id='word_1_93' title='bbox 325 2013 392 2079; x_wconf 90' lang='lat' dir='ltr'>iam</span> <span class='ocrx_word' id='word_1_94' title='bbox 421 2037 500 2081; x_wconf 90' lang='lat' dir='ltr'>uero</span> <span class='ocrx_word' id='word_1_95' title='bbox 528 2015 576 2080; x_wconf 92' lang='lat' dir='ltr'>ita</span> <span class='ocrx_word' id='word_1_96' title='bbox 603 2014 719 2082; x_wconf 85' lang='lat' dir='ltr'>Veneri</span> <span class='ocrx_word' id='word_1_97' title='bbox 746 2016 897 2102; x_wconf 86' lang='lat' dir='ltr'>proxima</span> <span class='ocrx_word' id='word_1_98' title='bbox 924 2018 975 2082; x_wconf 88' lang='lat' dir='ltr'>est</span> <span class='ocrx_word' id='word_1_99' title='bbox 1002 2017 1098 2082; x_wconf 90' lang='lat' dir='ltr'>stella</span> <span class='ocrx_word' id='word_1_100' title='bbox 1125 2015 1279 2082; x_wconf 86' lang='lat' dir='ltr'>Mercurii</span> <span class='ocrx_word' id='word_1_101' title='bbox 1307 2021 1342 2082; x_wconf 88' lang='lat' dir='ltr'>et</span> 
     </span>
     <span class='ocr_line' id='line_1_14' title="bbox 325 2100 1340 2190; baseline 0.004 -24"><span class='ocrx_word' id='word_1_102' title='bbox 325 2100 484 2169; x_wconf 87' lang='lat' dir='ltr'>Mercurio</span> <span class='ocrx_word' id='word_1_103' title='bbox 507 2105 556 2168; x_wconf 94' lang='lat' dir='ltr'>sol</span> <span class='ocrx_word' id='word_1_104' title='bbox 576 2105 788 2190; x_wconf 89' lang='lat' dir='ltr'>propinquus,</span> <span class='ocrx_word' id='word_1_105' title='bbox 811 2109 849 2170; x_wconf 93' lang='lat' dir='ltr'>ut</span> <span class='ocrx_word' id='word_1_106' title='bbox 870 2104 904 2169; x_wconf 92' lang='lat' dir='ltr'>hi</span> <span class='ocrx_word' id='word_1_107' title='bbox 923 2108 990 2170; x_wconf 90' lang='lat' dir='ltr'>tres</span> <span class='ocrx_word' id='word_1_108' title='bbox 1010 2106 1136 2172; x_wconf 89' lang='lat' dir='ltr'>caelum</span> <span class='ocrx_word' id='word_1_109' title='bbox 1155 2126 1250 2170; x_wconf 91' lang='lat' dir='ltr'>suum</span> <span class='ocrx_word' id='word_1_110' title='bbox 1267 2107 1340 2189; x_wconf 90' lang='lat' dir='ltr'>pari</span> 
     </span>
     <span class='ocr_line' id='line_1_15' title="bbox 323 2192 1340 2276; baseline 0.005 -23"><span class='ocrx_word' id='word_1_111' title='bbox 323 2192 479 2274; x_wconf 85' lang='lat' dir='ltr'>temporis</span> <span class='ocrx_word' id='word_1_112' title='bbox 503 2193 620 2275; x_wconf 89' lang='lat' dir='ltr'>spatio,</span> <span class='ocrx_word' id='word_1_113' title='bbox 642 2192 674 2256; x_wconf 93' lang='lat' dir='ltr'>id</span> <span class='ocrx_word' id='word_1_114' title='bbox 697 2195 748 2256; x_wconf 89' lang='lat' dir='ltr'>est</span> <span class='ocrx_word' id='word_1_115' title='bbox 765 2213 852 2258; x_wconf 93' lang='lat' dir='ltr'>anno</span> <span class='ocrx_word' id='word_1_116' title='bbox 870 2193 945 2276; x_wconf 88' lang='lat' dir='ltr'>plus</span> <span class='ocrx_word' id='word_1_117' title='bbox 964 2193 1112 2257; x_wconf 85' lang='lat' dir='ltr'>minusue</span> <span class='ocrx_word' id='word_1_118' title='bbox 1132 2193 1340 2259; x_wconf 88' lang='lat' dir='ltr'>circumeant.</span> 
     </span>
     <span class='ocr_line' id='line_1_16' title="bbox 284 2277 1338 2364; baseline 0.006 -26"><span class='ocrx_word' id='word_1_119' title='bbox 284 2277 397 2344; x_wconf 81' lang='lat' dir='ltr'>uideo</span> <span class='ocrx_word' id='word_1_120' title='bbox 417 2283 450 2343; x_wconf 89' lang='lat' dir='ltr'>et</span> <span class='ocrx_word' id='word_1_121' title='bbox 468 2277 582 2346; x_wconf 77' lang='lat' dir='ltr'>Cicero</span> <span class='ocrx_word' id='word_1_122' title='bbox 603 2280 664 2345; x_wconf 88' lang='lat' dir='ltr'>hos</span> <span class='ocrx_word' id='word_1_123' title='bbox 683 2280 765 2346; x_wconf 94' lang='lat' dir='ltr'>duos</span> <span class='ocrx_word' id='word_1_124' title='bbox 784 2300 897 2346; x_wconf 84' lang='lat' dir='ltr'>aursus</span> <span class='ocrx_word' id='word_1_125' title='bbox 915 2281 1076 2347; x_wconf 87' lang='lat' dir='ltr'>comites</span> <span class='ocrx_word' id='word_1_126' title='bbox 1100 2281 1179 2346; x_wconf 89' lang='lat' dir='ltr'>solis</span> <span class='ocrx_word' id='word_1_127' title='bbox 1199 2282 1338 2364; x_wconf 81' lang='lat' dir='ltr'>uocauit,</span> 
     </span>
     <span class='ocr_line' id='line_1_17' title="bbox 323 2366 1338 2456; baseline 0.003 -23"><span class='ocrx_word' id='word_1_128' title='bbox 323 2366 400 2452; x_wconf 88' lang='lat' dir='ltr'>quia</span> <span class='ocrx_word' id='word_1_129' title='bbox 430 2368 464 2432; x_wconf 93' lang='lat' dir='ltr'>in</span> <span class='ocrx_word' id='word_1_130' title='bbox 495 2368 603 2454; x_wconf 90' lang='lat' dir='ltr'>spatio</span> <span class='ocrx_word' id='word_1_131' title='bbox 634 2369 705 2454; x_wconf 90' lang='lat' dir='ltr'>pari</span> <span class='ocrx_word' id='word_1_132' title='bbox 733 2368 832 2456; x_wconf 83' lang='lat' dir='ltr'>longa</span> <span class='ocrx_word' id='word_1_133' title='bbox 860 2391 880 2434; x_wconf 90' lang='lat' dir='ltr'>a</span> <span class='ocrx_word' id='word_1_134' title='bbox 908 2390 942 2435; x_wconf 83' lang='lat' dir='ltr'>aa</span> <span class='ocrx_word' id='word_1_135' title='bbox 970 2390 1147 2454; x_wconf 86' lang='lat' dir='ltr'>numquam</span> <span class='ocrx_word' id='word_1_136' title='bbox 1175 2368 1338 2436; x_wconf 85' lang='lat' dir='ltr'>recedunt</span> 
     </span>
     <span class='ocr_line' id='line_1_18' title="bbox 323 2456 1369 2543; baseline 0.005 -22"><span class='ocrx_word' id='word_1_137' title='bbox 323 2456 402 2522; x_wconf 90' lang='lat' dir='ltr'>luna</span> <span class='ocrx_word' id='word_1_138' title='bbox 424 2459 534 2522; x_wconf 87' lang='lat' dir='ltr'>autem</span> <span class='ocrx_word' id='word_1_139' title='bbox 557 2460 688 2523; x_wconf 92' lang='lat' dir='ltr'>tantum</span> <span class='ocrx_word' id='word_1_140' title='bbox 711 2457 753 2523; x_wconf 90' lang='lat' dir='ltr'>ab</span> <span class='ocrx_word' id='word_1_141' title='bbox 776 2458 829 2524; x_wconf 91' lang='lat' dir='ltr'>his</span> <span class='ocrx_word' id='word_1_142' title='bbox 853 2459 1002 2525; x_wconf 87' lang='lat' dir='ltr'>deorsum</span> <span class='ocrx_word' id='word_1_143' title='bbox 1026 2459 1159 2525; x_wconf 75' lang='lat' dir='ltr'>recessit</span> <span class='ocrx_word' id='word_1_144' title='bbox 1182 2461 1228 2543; x_wconf 91' lang='lat' dir='ltr'>ut,</span> <span class='ocrx_word' id='word_1_145' title='bbox 1250 2456 1369 2543; x_wconf 85' lang='lat' dir='ltr'>quod5</span> 
     </span>
     <span class='ocr_line' id='line_1_19' title="bbox 322 2544 1339 2633; baseline 0.003 -23"><span class='ocrx_word' id='word_1_146' title='bbox 322 2544 372 2611; x_wconf 94' lang='lat' dir='ltr'>illi</span> <span class='ocrx_word' id='word_1_147' title='bbox 392 2567 488 2632; x_wconf 86' lang='lat' dir='ltr'>anno,</span> <span class='ocrx_word' id='word_1_148' title='bbox 511 2546 631 2633; x_wconf 84' lang='lat' dir='ltr'>uiginti</span> <span class='ocrx_word' id='word_1_149' title='bbox 651 2551 725 2612; x_wconf 88' lang='lat' dir='ltr'>octo</span> <span class='ocrx_word' id='word_1_150' title='bbox 744 2548 857 2614; x_wconf 85' lang='lat' dir='ltr'>diebus</span> <span class='ocrx_word' id='word_1_151' title='bbox 877 2548 950 2633; x_wconf 87' lang='lat' dir='ltr'>ipsa</span> <span class='ocrx_word' id='word_1_152' title='bbox 968 2547 1129 2630; x_wconf 87' lang='lat' dir='ltr'>conficiat,</span> <span class='ocrx_word' id='word_1_153' title='bbox 1148 2546 1220 2612; x_wconf 90' lang='lat' dir='ltr'>ideo</span> <span class='ocrx_word' id='word_1_154' title='bbox 1235 2569 1339 2633; x_wconf 88' lang='lat' dir='ltr'>neque</span> 
     </span>
     <span class='ocr_line' id='line_1_20' title="bbox 323 2633 1338 2723; baseline 0.002 -24"><span class='ocrx_word' id='word_1_155' title='bbox 323 2633 362 2699; x_wconf 84' lang='lat' dir='ltr'>do</span> <span class='ocrx_word' id='word_1_156' title='bbox 387 2636 485 2701; x_wconf 90' lang='lat' dir='ltr'>trium</span> <span class='ocrx_word' id='word_1_157' title='bbox 509 2636 713 2721; x_wconf 89' lang='lat' dir='ltr'>superiorum</span> <span class='ocrx_word' id='word_1_158' title='bbox 737 2636 859 2721; x_wconf 87' lang='lat' dir='ltr'>ordine,</span> <span class='ocrx_word' id='word_1_159' title='bbox 882 2658 977 2723; x_wconf 89' lang='lat' dir='ltr'>quam</span> <span class='ocrx_word' id='word_1_160' title='bbox 996 2637 1168 2702; x_wconf 84' lang='lat' dir='ltr'>manifeste</span> <span class='ocrx_word' id='word_1_161' title='bbox 1188 2636 1338 2721; x_wconf 85' lang='lat' dir='ltr'>clareque</span> 
     </span>
     <span class='ocr_line' id='line_1_21' title="bbox 284 2722 1338 2812; baseline 0.002 -25"><span class='ocrx_word' id='word_1_162' title='bbox 284 2722 501 2808; x_wconf 63' lang='lat' dir='ltr'>”distinguit</span> <span class='ocrx_word' id='word_1_163' title='bbox 522 2724 670 2789; x_wconf 86' lang='lat' dir='ltr'>inmensa</span> <span class='ocrx_word' id='word_1_164' title='bbox 691 2725 862 2810; x_wconf 84' lang='lat' dir='ltr'>distantia,</span> <span class='ocrx_word' id='word_1_165' title='bbox 885 2746 989 2812; x_wconf 87' lang='lat' dir='ltr'>neque</span> <span class='ocrx_word' id='word_1_166' title='bbox 1012 2724 1051 2790; x_wconf 90' lang='lat' dir='ltr'>dc</span> <span class='ocrx_word' id='word_1_167' title='bbox 1074 2726 1171 2790; x_wconf 87' lang='lat' dir='ltr'>lunas</span> <span class='ocrx_word' id='word_1_168' title='bbox 1194 2725 1338 2810; x_wconf 84' lang='lat' dir='ltr'>regione,</span> 
     </span>
     <span class='ocr_line' id='line_1_22' title="bbox 325 2812 1338 2900; baseline 0.002 -24"><span class='ocrx_word' id='word_1_169' title='bbox 325 2833 408 2896; x_wconf 87' lang='lat' dir='ltr'>quac</span> <span class='ocrx_word' id='word_1_170' title='bbox 436 2812 478 2877; x_wconf 91' lang='lat' dir='ltr'>ab</span> <span class='ocrx_word' id='word_1_171' title='bbox 506 2813 656 2879; x_wconf 91' lang='lat' dir='ltr'>omnibus</span> <span class='ocrx_word' id='word_1_172' title='bbox 684 2814 822 2879; x_wconf 86' lang='lat' dir='ltr'>multum</span> <span class='ocrx_word' id='word_1_173' title='bbox 845 2814 992 2900; x_wconf 85' lang='lat' dir='ltr'>recessit,</span> <span class='ocrx_word' id='word_1_174' title='bbox 1019 2813 1106 2880; x_wconf 87' lang='lat' dir='ltr'>inter</span> <span class='ocrx_word' id='word_1_175' title='bbox 1128 2817 1254 2879; x_wconf 86' lang='lat' dir='ltr'>ueteres</span> <span class='ocrx_word' id='word_1_176' title='bbox 1278 2814 1338 2878; x_wconf 89' lang='lat' dir='ltr'>oli-</span> 
     </span>
     <span class='ocr_line' id='line_1_23' title="bbox 325 2901 1418 2987; baseline 0.004 -23"><span class='ocrx_word' id='word_1_177' title='bbox 325 2922 389 2984; x_wconf 91' lang='lat' dir='ltr'>qua</span> <span class='ocrx_word' id='word_1_178' title='bbox 426 2901 489 2967; x_wconf 87' lang='lat' dir='ltr'>fuit</span> <span class='ocrx_word' id='word_1_179' title='bbox 521 2902 691 2968; x_wconf 85' lang='lat' dir='ltr'>dissensio.</span> <span class='ocrx_word' id='word_1_180' title='bbox 744 2902 860 2969; x_wconf 92' lang='lat' dir='ltr'>borum</span> <span class='ocrx_word' id='word_1_181' title='bbox 893 2924 970 2969; x_wconf 89' lang='lat' dir='ltr'>uero</span> <span class='ocrx_word' id='word_1_182' title='bbox 1003 2902 1102 2969; x_wconf 89' lang='lat' dir='ltr'>trium</span> <span class='ocrx_word' id='word_1_183' title='bbox 1135 2901 1198 2968; x_wconf 92' lang='lat' dir='ltr'>sibi</span> <span class='ocrx_word' id='word_1_184' title='bbox 1229 2901 1337 2987; x_wconf 85' lang='lat' dir='ltr'>proxi·</span> <span class='ocrx_word' id='word_1_185' title='bbox 1412 2903 1418 2914; x_wconf 88' lang='lat'>&#39;</span> 
     </span>
     <span class='ocr_line' id='line_1_24' title="bbox 324 2990 1338 3074; baseline 0.003 -20"><span class='ocrx_word' id='word_1_186' title='bbox 324 3011 466 3074; x_wconf 89' lang='lat' dir='ltr'>morum,</span> <span class='ocrx_word' id='word_1_187' title='bbox 498 2991 637 3058; x_wconf 87' lang='lat' dir='ltr'>Veneris</span> <span class='ocrx_word' id='word_1_188' title='bbox 664 2991 817 3058; x_wconf 87' lang='lat' dir='ltr'>Mercurii</span> <span class='ocrx_word' id='word_1_189' title='bbox 849 2995 883 3058; x_wconf 92' lang='lat' dir='ltr'>ct</span> <span class='ocrx_word' id='word_1_190' title='bbox 914 2991 1006 3074; x_wconf 87' lang='lat' dir='ltr'>solis,</span> <span class='ocrx_word' id='word_1_191' title='bbox 1039 2991 1184 3058; x_wconf 86' lang='lat' dir='ltr'>ordinem</span> <span class='ocrx_word' id='word_1_192' title='bbox 1215 2990 1338 3057; x_wconf 86' lang='lat' dir='ltr'>uicinia</span> 
     </span>
     <span class='ocr_line' id='line_1_25' title="bbox 324 3079 1338 3171; baseline 0.002 -28"><span class='ocrx_word' id='word_1_193' title='bbox 324 3079 480 3165; x_wconf 87' lang='lat' dir='ltr'>confudit,</span> <span class='ocrx_word' id='word_1_194' title='bbox 503 3081 560 3147; x_wconf 89' lang='lat' dir='ltr'>sed</span> <span class='ocrx_word' id='word_1_195' title='bbox 583 3080 668 3168; x_wconf 91' lang='lat' dir='ltr'>upud</span> <span class='ocrx_word' id='word_1_196' title='bbox 690 3082 780 3163; x_wconf 91' lang='lat' dir='ltr'>alios,</span> <span class='ocrx_word' id='word_1_197' title='bbox 802 3104 880 3149; x_wconf 91' lang='lat' dir='ltr'>nam</span> <span class='ocrx_word' id='word_1_198' title='bbox 900 3082 1138 3171; x_wconf 81' lang='lat' dir='ltr'>Aegyptiorum</span> <span class='ocrx_word' id='word_1_199' title='bbox 1156 3080 1338 3147; x_wconf 85' lang='lat' dir='ltr'>sollertiam</span> 
     </span>
     <span class='ocr_line' id='line_1_26' title="bbox 284 3169 1367 3259; baseline 0.005 -26"><span class='ocrx_word' id='word_1_200' title='bbox 284 3169 409 3234; x_wconf 75' lang='lat' dir='ltr'>aratio</span> <span class='ocrx_word' id='word_1_201' title='bbox 437 3192 505 3235; x_wconf 92' lang='lat' dir='ltr'>non</span> <span class='ocrx_word' id='word_1_202' title='bbox 532 3170 631 3259; x_wconf 81' lang='lat' dir='ltr'>fugit,</span> <span class='ocrx_word' id='word_1_203' title='bbox 659 3193 742 3257; x_wconf 89' lang='lat' dir='ltr'>quac</span> <span class='ocrx_word' id='word_1_204' title='bbox 769 3171 847 3237; x_wconf 88' lang='lat' dir='ltr'>talis</span> <span class='ocrx_word' id='word_1_205' title='bbox 876 3175 934 3238; x_wconf 86' lang='lat' dir='ltr'>est</span> <span class='ocrx_word' id='word_1_206' title='bbox 981 3171 1133 3256; x_wconf 86' lang='lat' dir='ltr'>circulus,</span> <span class='ocrx_word' id='word_1_207' title='bbox 1160 3193 1218 3257; x_wconf 90' lang='lat' dir='ltr'>per</span> <span class='ocrx_word' id='word_1_208' title='bbox 1241 3172 1367 3256; x_wconf 84' lang='lat' dir='ltr'>quemd</span> 
     </span>
     <span class='ocr_line' id='line_1_27' title="bbox 324 3256 1336 3346; baseline 0.002 -24"><span class='ocrx_word' id='word_1_209' title='bbox 324 3256 376 3323; x_wconf 89' lang='lat' dir='ltr'>sol</span> <span class='ocrx_word' id='word_1_210' title='bbox 404 3257 568 3346; x_wconf 89' lang='lat' dir='ltr'>discurrit,</span> <span class='ocrx_word' id='word_1_211' title='bbox 596 3283 615 3324; x_wconf 88' lang='lat' dir='ltr'>a</span> <span class='ocrx_word' id='word_1_212' title='bbox 639 3259 788 3326; x_wconf 88' lang='lat' dir='ltr'>Mercurii</span> <span class='ocrx_word' id='word_1_213' title='bbox 816 3261 936 3327; x_wconf 87' lang='lat' dir='ltr'>circulo</span> <span class='ocrx_word' id='word_1_214' title='bbox 965 3264 1001 3326; x_wconf 93' lang='lat' dir='ltr'>ut</span> <span class='ocrx_word' id='word_1_215' title='bbox 1027 3258 1162 3326; x_wconf 83' lang='lat' dir='ltr'>inferior</span> <span class='ocrx_word' id='word_1_216' title='bbox 1184 3259 1336 3343; x_wconf 88' lang='lat' dir='ltr'>ambitur,</span> 
     </span>
     <span class='ocr_line' id='line_1_28' title="bbox 323 3346 1336 3435; baseline 0.003 -25"><span class='ocrx_word' id='word_1_217' title='bbox 323 3346 415 3413; x_wconf 89' lang='lat' dir='ltr'>illum</span> <span class='ocrx_word' id='word_1_218' title='bbox 441 3370 569 3435; x_wconf 85' lang='lat' dir='ltr'>quoque</span> <span class='ocrx_word' id='word_1_219' title='bbox 593 3349 738 3433; x_wconf 90' lang='lat' dir='ltr'>superior</span> <span class='ocrx_word' id='word_1_220' title='bbox 756 3349 896 3415; x_wconf 91' lang='lat' dir='ltr'>circulus</span> <span class='ocrx_word' id='word_1_221' title='bbox 914 3349 1052 3415; x_wconf 86' lang='lat' dir='ltr'>Veneris</span> <span class='ocrx_word' id='word_1_222' title='bbox 1071 3347 1216 3433; x_wconf 88' lang='lat' dir='ltr'>includit,</span> <span class='ocrx_word' id='word_1_223' title='bbox 1239 3351 1336 3433; x_wconf 87' lang='lat' dir='ltr'>atque</span> 
     </span>
     <span class='ocr_line' id='line_1_29' title="bbox 321 3433 1336 3524; baseline 0.003 -25"><span class='ocrx_word' id='word_1_224' title='bbox 321 3433 370 3500; x_wconf 93' lang='lat' dir='ltr'>ita</span> <span class='ocrx_word' id='word_1_225' title='bbox 397 3436 449 3520; x_wconf 89' lang='lat' dir='ltr'>fit,</span> <span class='ocrx_word' id='word_1_226' title='bbox 477 3441 516 3503; x_wconf 92' lang='lat' dir='ltr'>ut</span> <span class='ocrx_word' id='word_1_227' title='bbox 542 3437 604 3502; x_wconf 87' lang='lat' dir='ltr'>hae</span> <span class='ocrx_word' id='word_1_228' title='bbox 632 3436 713 3503; x_wconf 89' lang='lat' dir='ltr'>duae</span> <span class='ocrx_word' id='word_1_229' title='bbox 737 3439 866 3524; x_wconf 85' lang='lat' dir='ltr'>stellae,</span> <span class='ocrx_word' id='word_1_230' title='bbox 893 3460 967 3505; x_wconf 89' lang='lat' dir='ltr'>cunr</span> <span class='ocrx_word' id='word_1_231' title='bbox 991 3461 1048 3524; x_wconf 89' lang='lat' dir='ltr'>per</span> <span class='ocrx_word' id='word_1_232' title='bbox 1070 3437 1253 3522; x_wconf 88' lang='lat' dir='ltr'>superiores</span> <span class='ocrx_word' id='word_1_233' title='bbox 1275 3436 1336 3503; x_wconf 91' lang='lat' dir='ltr'>cir·</span> 
     </span>
     <span class='ocr_line' id='line_1_30' title="bbox 323 3524 1337 3612; baseline 0.002 -24"><span class='ocrx_word' id='word_1_234' title='bbox 323 3524 467 3589; x_wconf 90' lang='lat' dir='ltr'>oulorum</span> <span class='ocrx_word' id='word_1_235' title='bbox 492 3548 624 3592; x_wconf 91' lang='lat' dir='ltr'>suorum</span> <span class='ocrx_word' id='word_1_236' title='bbox 649 3527 786 3592; x_wconf 88' lang='lat' dir='ltr'>uertices</span> <span class='ocrx_word' id='word_1_237' title='bbox 809 3529 955 3612; x_wconf 88' lang='lat' dir='ltr'>currunt,</span> <span class='ocrx_word' id='word_1_238' title='bbox 982 3526 1215 3612; x_wconf 82' lang='lat' dir='ltr'>intellegantur</span> <span class='ocrx_word' id='word_1_239' title='bbox 1238 3548 1337 3611; x_wconf 87' lang='lat' dir='ltr'>supra</span> 
     </span>
     <span class='ocr_line' id='line_1_31' title="bbox 281 3612 1335 3699; baseline 0.002 -23"><span class='ocrx_word' id='word_1_240' title='bbox 281 3627 309 3668; x_wconf 71' lang='grc' dir='ltr'><em>ω</em></span> <span class='ocrx_word' id='word_1_241' title='bbox 322 3612 425 3677; x_wconf 85' lang='lat' dir='ltr'>solem</span> <span class='ocrx_word' id='word_1_242' title='bbox 450 3615 590 3696; x_wconf 86' lang='lat' dir='ltr'>locatas,</span> <span class='ocrx_word' id='word_1_243' title='bbox 613 3635 687 3680; x_wconf 89' lang='lat' dir='ltr'>curn</span> <span class='ocrx_word' id='word_1_244' title='bbox 708 3636 787 3680; x_wconf 85' lang='lat' dir='ltr'>uero</span> <span class='ocrx_word' id='word_1_245' title='bbox 810 3637 868 3699; x_wconf 84' lang='lat' dir='ltr'>per</span> <span class='ocrx_word' id='word_1_246' title='bbox 890 3615 1045 3680; x_wconf 85' lang='lat' dir='ltr'>inferiora</span> <span class='ocrx_word' id='word_1_247' title='bbox 1067 3618 1254 3681; x_wconf 86' lang='lat' dir='ltr'>commeant</span> <span class='ocrx_word' id='word_1_248' title='bbox 1276 3614 1335 3680; x_wconf 89' lang='lat' dir='ltr'>cir·</span> 
     </span>
     <span class='ocr_line' id='line_1_32' title="bbox 320 3700 1365 3788; baseline 0.006 -24"><span class='ocrx_word' id='word_1_249' title='bbox 320 3700 480 3785; x_wconf 84' lang='lat' dir='ltr'>culorum,</span> <span class='ocrx_word' id='word_1_250' title='bbox 509 3702 560 3767; x_wconf 89' lang='lat' dir='ltr'>sol</span> <span class='ocrx_word' id='word_1_251' title='bbox 583 3703 630 3767; x_wconf 90' lang='lat' dir='ltr'>eis</span> <span class='ocrx_word' id='word_1_252' title='bbox 653 3704 801 3787; x_wconf 89' lang='lat' dir='ltr'>superior</span> <span class='ocrx_word' id='word_1_253' title='bbox 824 3702 1023 3771; x_wconf 85' lang='lat' dir='ltr'>aestimetur.</span> <span class='ocrx_word' id='word_1_254' title='bbox 1068 3702 1136 3768; x_wconf 88' lang='lat' dir='ltr'>illis</span> <span class='ocrx_word' id='word_1_255' title='bbox 1159 3722 1252 3788; x_wconf 81' lang='lat' dir='ltr'>argo,</span> <span class='ocrx_word' id='word_1_256' title='bbox 1280 3702 1365 3787; x_wconf 79' lang='lat' dir='ltr'>quil</span> 
     </span>
     <span class='ocr_line' id='line_1_33' title="bbox 320 3787 1336 3877; baseline 0.005 -25"><span class='ocrx_word' id='word_1_257' title='bbox 320 3787 477 3872; x_wconf 89' lang='lat' dir='ltr'>sphaeras</span> <span class='ocrx_word' id='word_1_258' title='bbox 505 3811 616 3856; x_wconf 89' lang='lat' dir='ltr'>aarum</span> <span class='ocrx_word' id='word_1_259' title='bbox 642 3791 702 3856; x_wconf 92' lang='lat' dir='ltr'>sub</span> <span class='ocrx_word' id='word_1_260' title='bbox 726 3792 794 3858; x_wconf 91' lang='lat' dir='ltr'>sole</span> <span class='ocrx_word' id='word_1_261' title='bbox 818 3792 980 3877; x_wconf 88' lang='lat' dir='ltr'>dixerunt,</span> <span class='ocrx_word' id='word_1_262' title='bbox 1008 3791 1071 3858; x_wconf 92' lang='lat' dir='ltr'>hoc</span> <span class='ocrx_word' id='word_1_263' title='bbox 1093 3788 1200 3858; x_wconf 91' lang='lat' dir='ltr'>uisum</span> <span class='ocrx_word' id='word_1_264' title='bbox 1224 3793 1336 3858; x_wconf 83' lang='lat' dir='ltr'>estex</span> 
     </span>
     <span class='ocr_line' id='line_1_34' title="bbox 320 3875 1335 3968; baseline 0.008 -28"><span class='ocrx_word' id='word_1_265' title='bbox 320 3875 378 3942; x_wconf 93' lang='lat' dir='ltr'>illo</span> <span class='ocrx_word' id='word_1_266' title='bbox 406 3879 574 3945; x_wconf 84' lang='lat' dir='ltr'>stellarum</span> <span class='ocrx_word' id='word_1_267' title='bbox 601 3903 710 3965; x_wconf 90' lang='lat' dir='ltr'>cursu,</span> <span class='ocrx_word' id='word_1_268' title='bbox 738 3881 882 3967; x_wconf 91' lang='lat' dir='ltr'>quinon</span> <span class='ocrx_word' id='word_1_269' title='bbox 906 3903 1097 3968; x_wconf 87' lang='lat' dir='ltr'>numquam,</span> <span class='ocrx_word' id='word_1_270' title='bbox 1124 3883 1162 3947; x_wconf 93' lang='lat' dir='ltr'>ut</span> <span class='ocrx_word' id='word_1_271' title='bbox 1184 3879 1335 3968; x_wconf 85' lang='lat' dir='ltr'>diximus,</span> 
     </span>
     <span class='ocr_line' id='line_1_35' title="bbox 319 3965 1335 4056; baseline 0.008 -26"><span class='ocrx_word' id='word_1_272' title='bbox 319 3965 448 4031; x_wconf 91' lang='lat' dir='ltr'>uidetur</span> <span class='ocrx_word' id='word_1_273' title='bbox 470 3967 618 4054; x_wconf 87' lang='lat' dir='ltr'>inferior,</span> <span class='ocrx_word' id='word_1_274' title='bbox 640 3971 696 4056; x_wconf 91' lang='lat' dir='ltr'>qui</span> <span class='ocrx_word' id='word_1_275' title='bbox 719 3975 754 4037; x_wconf 90' lang='lat' dir='ltr'>ct</span> <span class='ocrx_word' id='word_1_276' title='bbox 776 3993 851 4037; x_wconf 88' lang='lat' dir='ltr'>uere</span> <span class='ocrx_word' id='word_1_277' title='bbox 873 3971 1050 4038; x_wconf 87' lang='lat' dir='ltr'>notabilior</span> <span class='ocrx_word' id='word_1_278' title='bbox 1073 3974 1132 4056; x_wconf 82' lang='lat' dir='ltr'>est,</span> <span class='ocrx_word' id='word_1_279' title='bbox 1155 3971 1232 4056; x_wconf 90' lang='lat' dir='ltr'>quia</span> <span class='ocrx_word' id='word_1_280' title='bbox 1254 3973 1335 4038; x_wconf 90' lang='lat' dir='ltr'>tuno</span> 
     </span>
     <span class='ocr_line' id='line_1_36' title="bbox 280 4053 1335 4147; baseline 0.009 -30"><span class='ocrx_word' id='word_1_281' title='bbox 280 4053 454 4120; x_wconf 71' lang='lat' dir='ltr'>soliberius</span> <span class='ocrx_word' id='word_1_282' title='bbox 483 4063 626 4142; x_wconf 87' lang='lat' dir='ltr'>apparet.</span> <span class='ocrx_word' id='word_1_283' title='bbox 672 4082 750 4124; x_wconf 90' lang='lat' dir='ltr'>nam</span> <span class='ocrx_word' id='word_1_284' title='bbox 777 4082 850 4126; x_wconf 91' lang='lat' dir='ltr'>cum</span> <span class='ocrx_word' id='word_1_285' title='bbox 879 4061 1047 4146; x_wconf 87' lang='lat' dir='ltr'>superiora</span> <span class='ocrx_word' id='word_1_286' title='bbox 1072 4062 1199 4143; x_wconf 86' lang='lat' dir='ltr'>tenent,</span> <span class='ocrx_word' id='word_1_287' title='bbox 1227 4061 1335 4147; x_wconf 82' lang='lat' dir='ltr'>magis</span> 
     </span>
     <span class='ocr_line' id='line_1_37' title="bbox 319 4141 1335 4233; baseline 0.007 -27"><span class='ocrx_word' id='word_1_288' title='bbox 319 4141 420 4208; x_wconf 88' lang='lat' dir='ltr'>radiis</span> <span class='ocrx_word' id='word_1_289' title='bbox 443 4147 644 4226; x_wconf 84' lang='lat' dir='ltr'>occuluntur,</span> <span class='ocrx_word' id='word_1_290' title='bbox 668 4152 702 4212; x_wconf 89' lang='lat' dir='ltr'>ct</span> <span class='ocrx_word' id='word_1_291' title='bbox 724 4148 797 4213; x_wconf 90' lang='lat' dir='ltr'>idco</span> <span class='ocrx_word' id='word_1_292' title='bbox 820 4149 988 4232; x_wconf 89' lang='lat' dir='ltr'>persuasio</span> <span class='ocrx_word' id='word_1_293' title='bbox 1012 4150 1077 4214; x_wconf 87' lang='lat' dir='ltr'>ista</span> <span class='ocrx_word' id='word_1_294' title='bbox 1100 4148 1278 4233; x_wconf 83' lang='lat' dir='ltr'>conualuit,</span> <span class='ocrx_word' id='word_1_295' title='bbox 1301 4152 1335 4213; x_wconf 87' lang='lat' dir='ltr'>et</span> 
     </span>
     <span class='ocr_line' id='line_1_38' title="bbox 320 4231 1334 4322; baseline 0.008 -28"><span class='ocrx_word' id='word_1_296' title='bbox 320 4231 361 4296; x_wconf 89' lang='lat' dir='ltr'>ab</span> <span class='ocrx_word' id='word_1_297' title='bbox 394 4234 543 4298; x_wconf 89' lang='lat' dir='ltr'>omnibus</span> <span class='ocrx_word' id='word_1_298' title='bbox 576 4256 680 4319; x_wconf 88' lang='lat' dir='ltr'>paene</span> <span class='ocrx_word' id='word_1_299' title='bbox 712 4235 765 4302; x_wconf 93' lang='lat' dir='ltr'>hic</span> <span class='ocrx_word' id='word_1_300' title='bbox 797 4237 876 4304; x_wconf 85' lang='lat' dir='ltr'>ordo</span> <span class='ocrx_word' id='word_1_301' title='bbox 909 4237 943 4301; x_wconf 92' lang='lat' dir='ltr'>in</span> <span class='ocrx_word' id='word_1_302' title='bbox 975 4258 1069 4302; x_wconf 85' lang='lat' dir='ltr'>usum</span> <span class='ocrx_word' id='word_1_303' title='bbox 1097 4240 1246 4322; x_wconf 85' lang='lat' dir='ltr'>receptus</span> <span class='ocrx_word' id='word_1_304' title='bbox 1275 4239 1334 4302; x_wconf 86' lang='lat' dir='ltr'>est.</span> 
     </span>
    </p>
   </div>
   <div class='ocr_carea' id='block_1_5' title="bbox 0 0 1666 5190">
    <p class='ocr_par' dir='ltr' id='par_1_5' title="bbox 0 0 1666 5190">
     <span class='ocr_line' id='line_1_39' title="bbox 0 0 1666 5190; baseline 0 3"><span class='ocrx_word' id='word_1_305' title='bbox 0 0 1666 5190; x_wconf 95' lang='lat' dir='ltr'> </span> 
     </span>
    </p>
   </div>
  </div>
 </body>
</html>
