3322 5190
306 806 370 875 182
690 805 766 863 SAT.
780 806 877 862 LIBRI
895 806 934 862 111

305 969 535 1053 imperatori
583 990 708 1032 rernm
749 969 916 1033 omnium
957 967 1203 1033 felicitatem.
1267 973 1317 1032 eat

305 1078 403 1141 super
421 1055 483 1120 hoc
501 1055 583 1118 liber
597 1055 784 1133 Taaovlun
803 1055 1018 1139 transcriptus
1037 1076 1076 1119 ex
1091 1055 1316 1121 Oauauuuluo

305 1143 430 1210 'l'vsco
483 1144 526 1207 ibi
557 1144 739 1227 repperitur
768 1164 962 1228 purpureo
993 1165 1158 1208 aureoue
1188 1144 1317 1208 colore

306 1232 392 1297 ouia
431 1231 582 1296 ariesue
618 1232 651 1295 si
688 1239 930 1316 aspergetur,
965 1231 1134 1316 principi
1168 1231 1317 1296 ordinis

305 1325 343 1386 et
374 1318 530 1404 generis
566 1341 711 1384 summa
742 1342 824 1385 cum
858 1320 1055 1385 felicitate
1087 1320 1318 1405 largitatem
1345 1345 1358 1385 a

306 1412 435 1494 auget,
464 1429 583 1493 genua
606 1410 829 1493 progeniem
855 1414 1049 1494 propagat
1073 1409 1111 1474 in
1135 1409 1318 1474 claritate

306 1497 591 1583 laetioremque
624 1496 760 1564 efficit.
807 1496 905 1563 buius
938 1497 1028 1562 modi
1059 1498 1163 1584 igitur
1195 1502 1318 1563 statum

304 1587 495 1673 imperatori
517 1587 549 1651 in
574 1586 715 1652 transitu
738 1585 944 1653 uaticinatur.

276 1679 296 1742 3
395 1675 513 1743 Verbis
532 1677 630 1742 etiam
650 1677 788 1762 singulis
807 1677 846 1742 de
865 1698 957 1743 sacro
976 1677 1041 1741 ritu
1066 1698 1163 1761 quam
1186 1697 1225 1742 ex
1249 1676 1317 1741 alto

307 1767 411 1852 petita
434 1767 605 1852 significet,
628 1767 680 1830 uel
703 1766 779 1832 hinc
802 1767 913 1832 licebit
936 1767 1102 1833 aduertere
1334 1794 1358 1831 ιο

351 1890 488 1955 iniecere
511 1913 642 1955 manuus
664 1888 786 1955 Parcae
808 1891 947 1976 telisque
971 1897 1139 1956 sacrarunt

351 1978 509 2065 Euandri,

307 2126 381 2173 uam
412 2104 564 2192 quicquid
595 2103 792 2171 ‹lostiuutunr
823 2109 874 2171 ost
901 2103 964 2190 uis,
995 2126 1143 2171 sucrum
1172 2108 1318 2190 uocatur,

307 2197 475 2280 peruenire
507 2200 616 2262 autom
646 2196 686 2262 ad
718 2196 796 2261 deos
823 2218 889 2260 non
917 2200 1026 2280 potest
1052 2196 1116 2260 nisi
1144 2197 1246 2261 libera
1275 2197 1317 2260 ab

308 2305 405 2349 onere
437 2285 583 2368 corporis
615 2284 714 2349 fuerit
747 2285 870 2368 anima,
902 2283 988 2368 quod
1019 2284 1084 2348 nisi
1114 2288 1219 2349 morte
1249 2285 1319 2349 fieri
1335 2311 1359 2349 u

305 2393 371 2436 uon
407 2376 524 2455 potest.
570 2374 618 2436 ita
650 2392 727 2455 argo
760 2375 942 2455 opportune
969 2375 1133 2437 sacratum
1159 2370 1318 2436 Halesum

275 2457 401 2542 4facit‚
428 2459 505 2542 quia
532 2464 603 2522 erat
631 2458 844 2541 oppetiturus.
897 2461 930 2521 et
956 2457 1009 2522 hic
1032 2458 1263 2541 proprietatem
1287 2463 1320 2523 et

306 2545 463 2610 humani
477 2551 510 2610 et
533 2546 656 2610 diuini
679 2546 777 2610 iuris
796 2549 926 2610 secutus
946 2550 1004 2610 cst.
1049 2566 1126 2609 nam
1145 2567 1184 2610 cx
1204 2568 1318 2610 manus

306 2633 489 2698 iniectiooe·
502 2654 605 2718 paene
628 2634 824 2716 mancipium
848 2633 1049 2718 designauit,
1072 2637 1106 2697 et
1129 2636 1319 2699 sacrationis

276 2723 465 2787 5uocabulo
485 2723 725 2788 obseruantiam
746 2722 847 2786 diuini
866 2723 946 2785 iuris
964 2723 1124 2805 impleuit.
1165 2722 1228 2786 hoc
1246 2723 1318 2788 loeo
1333 2747 1358 2786 so

307 2832 373 2875 non
403 2811 541 2875 alienum
570 2811 698 2875 uidetur
726 2811 765 2874 de
793 2811 980 2876 condicione
1008 2833 1118 2875 eorum
1148 2808 1318 2876 hominum

307 2899 652 2984 reie1·re,quosiegcs
677 2921 785 2963 sacros
809 2921 880 2963 esse
904 2901 1000 2964 cartis
1024 2899 1073 2963 cis
1097 2899 1218 2982 iubent,
1241 2902 1318 2984 quia

307 3009 371 3051 uon
387 2988 512 3073 ignoro,
530 2988 723 3072 quibusdum
738 2988 855 3051 mirum
876 2988 987 3071 uideri,
1006 2989 1101 3072 quod,
1120 3010 1191 3051 cunr
1211 2995 1318 3052 cetero

309 3096 401 3140 sacra
431 3077 547 3141 uiolari
580 3076 672 3141 nefas
703 3077 759 3160 sit,
791 3077 956 3141 hominem
985 3098 1112 3142 sacrum
1140 3077 1190 3139 ius
1220 3078 1317 3140 fuerit

277 3165 418 3230 ssoccidi
474 3166 563 3230 cuius
596 3167 643 3230 rei
676 3188 773 3230 causa
805 3166 885 3230 hoec
918 3170 976 3229 cet.
1036 3170 1159 3229 ueteres
1191 3165 1356 3230 nullumau

308 3254 428 3319 animal
456 3276 582 3319 sacrum
610 3257 643 3319 in
671 3255 790 3321 finibus
818 3256 886 3320 auis
914 3276 985 3319 esse
1009 3253 1229 3339 patiebantur,
1260 3256 1316 3320 sed

308 3342 485 3430 abigebant
505 3344 545 3410 ad
569 3347 649 3411 fines
674 3346 816 3429 deorum,
840 3345 956 3430 quibus
981 3367 1106 3409 sucrum
1129 3350 1223 3428 essct,
1247 3346 1317 3409 aui-

306 3480 364 3486 -.
379 3480 518 3487 -0--m—

379 3560 409 3607 11
430 3554 498 3610 Aen.
518 3555 543 3608 X
561 3562 613 3610 419

380 3749 558 3817 limporiit
616 3754 708 3804 ommi
728 3754 792 3804 roric
810 3750 837 3802 P
888 3747 1183 3818 alibertosquuulr'
1241 3751 1316 3803 trau·

308 3820 425 3874 scribi-ui
445 3821 478 3886 P,
504 3821 698 3890 transscriptui'
713 3821 741 3874 Β
831 3827 846 3873 3
866 3824 1003 3888 reperitur·
1023 3821 1050 3873 Β
1140 3828 1156 3875 4
1176 3821 1273 3889 urucsq.
1293 3821 1320 3874 P

308 3891 440 3961 uspgutur
460 3893 488 3944 P
562 3910 699 3961 principio
718 3892 745 3945 P
820 3899 835 3944 ὁ
856 3891 1007 3961 ichoaltutc
1027 3888 1062 3944 P'
1147 3900 1176 3945 ll
1198 3893 1316 3976 rnocrel

307 3968 390 4016 rnunr'r
410 3962 438 4016 P
515 3965 623 4017 sacroru
644 3965 672 4016 P
753 3969 784 4017 11
805 3965 898 4017 autom
921 3978 971 4019 oua
991 3963 1025 4028 P,
1048 3963 1143 4018 deiude
1162 3980 1180 4017 a
1198 3963 1266 4017 dcci
1283 3965 1310 4017 Β

306 4032 400 4101 potest
421 4051 516 4089 amma
532 4038 536 4102 Ι
552 4035 603 4089 nrsr
626 4036 734 4101 (deiude
755 4034 845 4088 libera
867 4036 898 4089 iu
916 4037 983 4103 ras.)
1001 4035 1029 4088 P
1119 4040 1150 4088 lt
1170 4035 1273 4089 honere
1293 4035 1321 4087 P

309 4111 342 4158 16
360 4103 502 4160 balacium
522 4107 550 4160 Β
621 4113 654 4161 18
672 4106 806 4174 sequutus
820 4107 848 4160 P
914 4112 946 4160 19
966 4121 1055 4174 poene
1074 4106 1101 4158 Β
1169 4112 1200 4160 21
1222 4106 1317 4160 condr-

307 4181 384 4230 trone
403 4176 462 4230 BP
514 4184 548 4232 23
568 4177 662 4235 risP
713 4185 747 4232 24
766 4178 872 4234 uiolare
894 4177 920 4231 P
973 4183 1006 4232 27
1026 4179 1199 4232 sacratumb
