3322 5190
328 816 396 882 410
702 814 781 871 SAT.
800 814 898 869 hlBltl
919 813 971 871 vn

375 986 440 1043 νῦν
463 971 495 1042 d'
517 973 648 1063 ἔρχεσθ’
672 974 725 1040 ἐπὶ
748 976 885 1040 δεῖπνον
908 976 964 1040 ἵνα
988 959 1183 1059 ξῠνᾶγωμεν
1199 973 1312 1060 Ἄρηα.

277 1102 409 1188 240rgo
436 1101 463 1166 si
487 1101 713 1186 opportunitas
737 1100 936 1166 necessariae
959 1099 1218 1183 reprehensionis
1242 1119 1344 1164 emer·

333 1192 424 1274 serit,
457 1189 504 1254 sic
534 1213 554 1254 a
580 1188 778 1273 philosopho
806 1189 1039 1273 proficiscetur,
1077 1192 1111 1252 ut
1139 1192 1171 1251 ct
1198 1192 1284 1253 tecta
1311 1190 1344 1251 et

332 1278 446 1345 efficax
479 1278 530 1343 ait
581 1278 658 1362 qaid
690 1277 821 1362 mirum,
853 1278 881 1342 si
907 1276 1003 1342 feriet
1030 1276 1173 1361 sapiens,
1204 1279 1242 1340 ut
1269 1275 1344 1359 dixi,

331 1389 397 1433 non
422 1366 611 1450 sentientes,
640 1388 712 1431 cum
735 1366 896 1431 interdum
919 1367 965 1430 sic
987 1365 1213 1449 reprehendat,
1236 1370 1274 1428 ut
1296 1386 1344 1428 re·
1372 1388 1386 1429 a

331 1454 509 1541 prehensas
543 1454 702 1519 hilaretur
730 1475 789 1518 nec
816 1458 944 1519 tantum
971 1453 1090 1517 fabulis
1119 1454 1185 1517 suis
1213 1453 1268 1516 sed
1297 1453 1343 1516 iu·

332 1542 609 1629 terrogationihus
641 1564 768 1626 quoque
796 1543 863 1606 uim
890 1541 1116 1627 philosophiae
1144 1540 1225 1605 nihil
1252 1541 1344 1624 inep-

278 1633 400 1697 25tum
427 1630 590 1716 loquentis
618 1631 788 1696 ostendet?
835 1631 919 1695 hano
948 1651 1025 1716 ergo
1058 1629 1164 1693 nullus
1187 1628 1344 1693 honestus

336 1723 427 1785 actas
447 1720 587 1801 locusae,
606 1723 719 1784 coetus
737 1720 846 1784 nullus
861 1719 1019 1803 excludat,
1038 1739 1119 1803 quae
1134 1718 1180 1782 ita
1193 1738 1228 1781 se
1243 1720 1344 1800 aptat,

335 1811 372 1872 ut
403 1807 523 1893 ubique
553 1808 599 1871 sic
627 1812 784 1890 appareat
809 1808 1005 1890 necessaria,
1037 1812 1202 1890 tamquam
1232 1805 1345 1870 abesse
1361 1830 1387 1869 ro

336 1894 429 1960 illam
452 1895 544 1959 nefas
568 1893 685 1959 fuerit’.

291 1983 325 2048 ll
424 1983 469 2048 Et
492 1983 635 2047 Auienus
663 1981 777 2048 ‘acuas
805 1984 885 2048 mihi
910 1983 988 2049 duas
1012 1983 1201 2067 disciplinas
1225 1981 1346 2047 uideris

338 2071 489 2138 inducere
526 2073 746 2158 interrogandi
783 2073 834 2140 uel
873 2074 971 2140 etiam
1008 2071 1273 2158 roprohoudcudi,
1310 2076 1347 2136 ut

336 2162 487 2228 alacritas
515 2163 677 2248 utrimque
700 2163 765 2247 his,
794 2165 833 2229 ad
857 2186 937 2249 quos
961 2185 1066 2229 sermo
1090 2168 1154 2247 ost,
1182 2161 1347 2246 excitetur,

336 2272 408 2317 cum
427 2250 519 2317 dolor
537 2273 663 2336 semper
681 2252 962 2336 reprehensionem
982 2253 1034 2317 uel
1047 2253 1168 2316 iustam
1184 2255 1347 2337 sequatur,
1363 2274 1388 2315 ra

337 2339 420 2406 uado
439 2340 527 2424 haec,
545 2363 628 2426 quae
642 2341 756 2405 leuiter
771 2341 922 2426 attigisti,
941 2340 1001 2424 fac,
1020 2362 1149 2425 quaeso,
1168 2339 1348 2404 enarrando

338 2427 507 2513 planiora'.

306 2520 327 2584 2
427 2517 594 2583 ‘Primam’
617 2519 723 2602 iuquit
740 2517 932 2583 Eustatlrius
951 2518 1026 2583 ‘lroc
1045 2522 1156 2582 teneas
1175 2516 1260 2601 uolo,
1283 2538 1349 2581 nou

338 2607 377 2671 de
423 2628 461 2671 ea
507 2629 557 2672 me
603 2607 850 2691 reprehensione
897 2607 1029 2691 dixisse,
1079 2629 1162 2693 quae
1208 2607 1348 2689 speciem

338 2694 553 2761 accusationis
578 2696 685 2778 hahet,
709 2695 764 2760 scd
789 2719 870 2781 quae
893 2697 1143 2780 uituperatiouis
1166 2695 1271 2758 instar
1291 2699 1348 2759 cst.
1364 2719 1390 2759 so

338 2785 399 2849 hoc
423 2783 537 2849 Gracoi
566 2797 702 2869 σκῶμμα
731 2792 848 2849 uocant
876 2808 941 2849 nou
971 2786 1077 2849 miuus
1110 2785 1239 2868 quidem
1263 2807 1349 2848 ama·

339 2897 409 2938 rum
443 2897 537 2959 quam
573 2875 748 2959 aocrrsatio,
786 2875 813 2938 si
846 2877 1028 2959 importuno
1062 2876 1256 2957 proferatur,
1294 2873 1349 2937 scd

340 2986 359 3027 a
393 2965 538 3046 sapiente
572 2966 618 3026 sic
648 2966 838 3047 proteratur,
871 2970 907 3026 ut
934 2964 1100 3027 dulcedine
1129 2984 1256 3046 quoque
1284 2984 1349 3024 uon

307 3054 456 3119 doareat.
493 3058 525 3114 et
548 3058 585 3115 ut
608 3053 697 3135 prius
719 3053 778 3117 tibi
799 3053 836 3115 de
856 3052 1109 3136 interrogatione
1129 3050 1349 3133 respondeam,

338 3140 393 3223 qui
417 3140 490 3204 uult
513 3161 666 3203 amoenus
690 3163 759 3204 ease
783 3140 960 3222 consultor,
989 3163 1026 3202 ca
1050 3140 1243 3222 interrogat,
1267 3160 1348 3222 quae
1364 3160 1390 3200 aa

340 3232 417 3292 sunt
444 3229 645 3309 interrogato
675 3228 784 3291 facilia
810 3250 982 3312 respousa,
1011 3232 1148 3310 atquae
1173 3228 1235 3292 scit
1258 3227 1350 3289 illum

306 3316 452 3382 daedala
480 3317 706 3379 exercitatione
734 3316 889 3380 didicisse.
944 3316 1064 3400 gaudet
1091 3317 1174 3378 eninr
1205 3315 1349 3400 quisquis

341 3407 536 3488 prouocatur
555 3405 595 3468 ad
610 3405 789 3468 doctrinam
806 3427 896 3469 suam
912 3404 944 3469 in
961 3405 1099 3468 medium
1116 3405 1350 3487 proferendam,

341 3495 416 3578 quia
435 3516 529 3557 nemo
549 3494 621 3557 uult
640 3495 738 3557 latere
758 3494 842 3578 quod
858 3494 978 3576 didicit,
998 3494 1145 3576 maxime,
1165 3495 1192 3556 si
1208 3494 1350 3570 scientia,

341 3604 438 3667 quam
466 3582 577 3646 labore
606 3584 778 3666 quaesiuit,
806 3604 877 3646 cum
907 3583 1017 3664 paucis
1046 3583 1093 3644 illi
1121 3582 1290 3645 tanriliaris
1320 3585 1392 3645 etro

341 3671 491 3753 plurimis
515 3672 559 3734 sit
581 3671 755 3755 incognita,
779 3670 873 3734 atde
893 3670 1162 3734 astronomicae]
1183 3669 1352 3735 dialectica

341 3796 555 3803 mma-0...-

414 3868 426 3914 1
447 3861 479 3914 ll.
500 3863 519 3915 Β
539 3866 589 3915 881

340 3972 409 3979 Μ...
418 3974 497 3979 --„-..-
518 3974 533 3978 ..

414 4039 573 4092 1ΕΡΧΕ(Ο
598 4042 626 4092 Ρ
714 4041 782 4092 ΥΝΑ
802 4039 829 4091 Ρ
917 4042 1023 4105 tquao
1047 4041 1087 4092 ita
1111 4038 1136 4093 le
1160 4042 1241 4107 aptat
1259 4055 1308 4094 orn.
1330 4039 1356 4091 P

343 4115 375 4162 13
395 4109 441 4163 uel
466 4113 517 4163 tua
536 4126 586 4165 om.
606 4104 642 4163 P'
737 4118 767 4164 la
787 4110 916 4177 sequatur
934 4126 983 4164 orn.
1005 4110 1031 4162 P
1120 4116 1152 4165 lo
1171 4110 1240 4164 haee
1259 4127 1309 4165 ora.
1331 4110 1358 4162 P

341 4187 374 4235 21
395 4181 487 4237 scama
507 4183 534 4236 P
586 4188 619 4236 23
640 4181 762 4252 sapiente
782 4185 800 4248 ᾗ
818 4180 948 4256 ploratur
967 4181 994 4233 P
