3322 5190
571 925 624 981 vn
643 932 713 982 1-4
741 925 807 982 VIII
827 931 896 981 1-s
1199 920 1263 992 661

249 1089 283 1151 et
313 1089 477 1152 aeternam
505 1087 638 1154 domum
672 1087 833 1172 contueri,
863 1108 968 1172 neque
1000 1089 1033 1151 te
1061 1088 1265 1153 sermonibus

248 1174 339 1260 uulgi
368 1173 541 1260 dedideris,
573 1197 632 1240 neo
663 1175 698 1240 in
726 1174 880 1260 praemiis
907 1174 1059 1240 humanis
1089 1196 1181 1259 spem
1208 1197 1265 1261 po·

249 1263 349 1328 saeris
390 1284 498 1329 rerum
541 1265 680 1329 tuarum.
739 1263 807 1329 sais
850 1266 883 1327 te
925 1264 1055 1348 oportet
1093 1262 1266 1329 inlecebris

247 1351 319 1436 ipsa
352 1351 456 1419 uirtus
486 1353 598 1418 trahat
625 1352 665 1419 ad
694 1374 807 1419 aerum
836 1351 942 1437 deone,
974 1351 1053 1437 quid
1082 1351 1121 1417 de
1148 1355 1181 1417 te
1209 1351 1265 1417 alii

220 1441 420 1528 eloquantur
442 1441 508 1527 ipsi
530 1442 663 1509 uideant
692 1441 748 1508 sed
777 1441 950 1528 loquentur
981 1445 1098 1507 tamen.
1158 1463 1265 1507 sermo

248 1534 358 1597 autem
387 1533 493 1598 omnis
521 1532 578 1598 ille
605 1535 639 1598 et
666 1531 828 1618 angustiis
857 1531 1000 1618 cingitur
1029 1531 1075 1597 eis
1098 1531 1265 1618 regionem
1372 1545 1375 1550 ’

247 1642 327 1706 quas
363 1620 454 1687 uides
491 1643 551 1687 neo
589 1644 744 1708 nmquam
781 1621 821 1686 de
852 1619 920 1686 ullo
953 1621 1104 1707 perennis
1135 1619 1200 1687 fuit
1232 1623 1267 1686 et

247 1709 394 1776 obruitur
429 1710 598 1778 hominurn
631 1710 767 1776 interitu
797 1713 831 1776 et
863 1709 1027 1776 obliuione
1059 1709 1264 1796 posteritatis

247 1799 467 1888 extinguitur!

209 1941 235 1984 ιο
337 1925 426 2003 Quae
449 1948 525 1992 oum
547 1925 682 1992 dixisset
703 1924 777 2012 ‘ego
801 1924 891 1992 uero’
911 1923 1042 2008 inquam
1062 1922 1322 2010 ‘AfricanaVIII

248 2014 275 2079 si
300 2014 428 2100 quidem
451 2015 534 2081 bene
557 2014 684 2080 meritis
707 2014 746 2079 de
766 2014 875 2099 patria
893 2013 987 2097 quasi
1006 2012 1102 2078 limes
1121 2013 1162 2079 ad
1182 2012 1267 2081 eseli

248 2102 372 2168 editum
391 2107 493 2191 patet,
512 2125 710 2188 quamquam
731 2125 751 2167 a
769 2102 908 2187 pueritia
926 2100 1076 2185 uestigiis
1094 2101 1266 2188 ingressus

248 2190 352 2274 petris
380 2194 413 2255 et
441 2192 506 2256 tuis
534 2191 641 2255 decori
671 2195 781 2255 uestro
809 2211 875 2253 non
905 2187 1013 2265 delui,
1041 2210 1129 2254 nuno
1156 2193 1265 2254 tamen

249 2281 343 2342 tanto
366 2278 512 2363 praemio
536 2279 683 2362 exposito
707 2278 812 2343 enitar
841 2275 944 2341 multo
972 2274 1188 2359 uigilantius?
1233 2277 1298 2342 ets

210 2381 237 2424 re
250 2364 306 2431 ille
329 2363 377 2430 ‘tu
400 2388 478 2431 uero
502 2366 632 2451 enitere,
655 2365 757 2432 etsie
780 2365 917 2447 habeto,
941 2384 1007 2429 non
1031 2384 1101 2430 esse
1124 2368 1157 2430 te
1180 2387 1267 2431 mor·

250 2454 424 2520 talem-sed
443 2476 560 2541 eorpus
578 2455 651 2521 hoo.
686 2476 747 2519 neo
765 2455 850 2518 enim
871 2456 907 2519 tu
925 2453 954 2517 is
977 2474 1021 2537 es,
1044 2474 1140 2537 quem
1159 2452 1267 2519 forma

250 2540 316 2607 ista
339 2542 496 2622 declarat,
524 2543 580 2608 sed
604 2564 696 2608 mens
719 2543 874 2628 oniasque
899 2543 927 2607 is
951 2544 1001 2605 est
1030 2541 1178 2627 quisque,
1200 2564 1268 2609 nou

251 2652 290 2694 ea
317 2631 422 2715 figura
448 2652 530 2716 quae
557 2632 662 2716 digito
691 2629 907 2696 demonstrari
941 2631 1060 2713 potest.
1112 2629 1206 2696 deum
1234 2634 1267 2695 te

251 2718 352 2803 igitur
375 2719 457 2784 seito
481 2740 564 2802 esse,
592 2721 620 2783 si
645 2719 774 2803 quidem
798 2722 848 2783 est
870 2718 962 2796 deus,
990 2717 1044 2801 qni
1074 2717 1184 2803 uiget,
1211 2719 1268 2803 qni

211 2824 238 2865 uo
252 2806 365 2888 sentit,
394 2807 449 2891 qui
478 2807 641 2888 meminit,
669 2807 723 2891 qui
746 2806 909 2891 prouidet,
936 2805 992 2889 qui
1019 2809 1087 2870 tam
1117 2805 1206 2892 regit
1234 2810 1268 2872 et

253 2895 440 2959 moderatur
468 2899 501 2959 et
528 2900 639 2960 mouet
664 2895 698 2960 id
726 2916 856 2979 corpus,
888 2894 939 2958 oui
975 2895 1179 2980 praepositus
1208 2897 1268 2977 est,

252 3005 348 3068 quom
373 2983 458 3050 hune
478 2983 633 3051 mundum
651 2982 705 3049 ille
725 2983 874 3069 princeps
893 2982 980 3067 deos,
1004 2985 1037 3047 et
1055 2985 1092 3048 nt
1111 2981 1268 3048 mundum

252 3094 291 3138 ex
321 3073 461 3160 quadam
493 3077 586 3159 parte
616 3074 787 3140 mortalem
818 3073 887 3159 ipse
920 3072 997 3138 deus
1033 3076 1184 3138 aeternus
1219 3073 1267 3139 sio

251 3164 368 3250 fragile
391 3187 507 3251 eorpus
531 3165 658 3231 animus
683 3165 897 3250 sempiternus
921 3165 1039 3228 mouet.
1079 3185 1156 3229 nam
1182 3162 1299 3249 quodid

213 3269 380 3339 sosemper
408 3259 570 3341 mouetur,
598 3258 766 3321 aeternum
796 3257 859 3337 est,
889 3253 975 3340 quod
1003 3255 1112 3318 autem
1143 3255 1269 3318 motum

254 3342 360 3407 adfert
383 3344 489 3428 alieni,
512 3344 662 3431 quodque
685 3345 795 3429 ipsum
814 3345 958 3430 agitatur
977 3341 1116 3428 aliunde,
1140 3342 1269 3427 quando

254 3431 351 3496 finem
375 3431 477 3498 habet
499 3437 618 3517 motus,
640 3432 771 3498 uiuendi
795 3433 893 3498 finem
917 3432 1037 3496 habeat
1059 3451 1190 3496 necesse
1209 3433 1269 3497 est.

254 3519 361 3585 solum
384 3520 485 3605 igitur
508 3521 593 3606 qood
617 3543 711 3606 sepse
734 3523 859 3606 mouet,
883 3521 959 3606 qaia
982 3541 1160 3605 numquam
1183 3518 1270 3585 dese-

328 3733 494 3786 leontuere
513 3730 569 3784 PB
614 3729 728 3800 2uolgi
747 3730 775 3784 P
816 3728 994 3783 erlleoebrrl
1008 3729 1062 3783 PB
1107 3729 1274 3785 terdenus

253 3801 296 3870 (in
318 3817 367 3857 rue
388 3801 447 3856 uid.
470 3801 557 3868 fuisse
578 3799 674 3922 8ng
779 3799 847 3854 6111
868 3799 896 3851 P
917 3798 964 3852 hil
982 3814 1012 3852 re
1044 3815 1129 3852 onum
1153 3805 1210 3867 qut
1232 3795 1268 3852 Β’

255 3870 411 3942 lphenmf
427 3870 457 3924 P
538 3875 613 3924 teo
633 3867 739 3923 lrurone
758 3868 786 3922 P
867 3868 1013 3937 potentatu
1042 3866 1079 3920 B'
1152 3872 1187 3920 10
1205 3868 1271 3922 atrr-

254 3956 342 3996 oanae
360 3941 388 3995 Β
478 3944 511 3994 12
530 3945 662 4009 quanque
680 3939 709 3993 P
787 3943 821 3992 15
840 3941 955 3994 tueuere
976 3938 1004 3993 P
1085 3941 1117 3992 18
1136 3937 1213 4008 dugro
1232 3935 1268 3993 Β

289 4013 385 4082 potem
404 4012 436 4064 ut
454 4011 538 4077 fultor
557 4008 591 4064 Β
693 4013 726 4062 19
745 4007 816 4063 dens
830 4008 871 4062 ert
890 4008 918 4062 Β
1017 4013 1052 4061 20
1071 4010 1146 4077 regit
1163 4023 1213 4062 om.
1234 4004 1270 4061 P

252 4086 286 4135 22
300 4082 350 4135 1lle
365 4086 429 4150 post
446 4082 480 4133 nt
497 4081 562 4135 add.
582 4081 630 4148 (P)
721 4083 756 4133 nt
775 4094 872 4145 namq,
898 4078 974 4145 qaod
992 4079 1017 4143 b,
1041 4094 1106 4132 nom
1125 4082 1173 4146 qm
1193 4078 1269 4145 quod

252 4152 289 4219 (le.
308 4167 329 4206 e.
350 4153 495 4220 quomam)
515 4152 543 4205 Β
588 4156 623 4204 26
643 4149 726 4203 affert
745 4149 800 4203 ΡΒ
846 4149 976 4204 alicunde
998 4150 1025 4201 P
1067 4154 1100 4204 27
1119 4149 1227 4204 habeut
1242 4149 1271 4203 Β

252 4227 286 4275 28
307 4238 386 4291 sepse
407 4221 435 4276 0.
456 4221 492 4277 F.
519 4222 562 4275 W.
583 4220 749 4275 Muellerus:
769 4219 805 4274 de
823 4218 850 4273 ie
868 4219 922 4273 PB
986 4219 1143 4287 nunqutP
1195 4218 1271 4274 dele-

251 4293 323 4347 ntur
342 4308 359 4346 a
377 4292 405 4347 ie
423 4297 520 4359 ntique
537 4308 588 4348 om.
606 4286 640 4344 P'
