3442 5190
609 786 661 841 XII
681 791 784 842 1e-1e
810 784 875 840 Xlll
896 790 964 841 1-e
1227 784 1294 852 535

284 948 384 1013 niam
403 947 496 1016 haee
518 952 578 1016 ast
595 951 692 1036 uita,
713 953 757 1015 ut
772 944 1000 1014 Africanum
1019 948 1132 1015 audio
1152 947 1295 1034 dicere,

284 1037 369 1121 quid
395 1059 521 1104 moror
549 1039 588 1103 in
614 1037 754 1105 terris?
800 1037 892 1124 quin
914 1037 987 1103 huc
1006 1037 1051 1103 ad
1070 1060 1139 1104 uos
1158 1037 1294 1103 uenire

284 1126 494 1280 {illitis
519 1149 595 1280 53¹¹
614 1125 1045 1299 dldlr0t¹¹lltpl¹lt
1077 1125 1292 1279 tutti?

568 1265 577 1300 7
1283 1263 1293 1299 ἰ

257 1300 1292 1477 ⁶lttlntllf’tllstitit“litllttuzttzt

281 1478 453 1547 homines
494 1481 594 1547 enim
637 1485 727 1548 sunt
766 1482 836 1548 hae
872 1482 959 1565 lege
995 1479 1186 1566 generati,
1227 1477 1323 1563 quil

280 1569 483 1635 tuerentur
510 1571 617 1635 illum
646 1570 817 1657 globum,
844 1591 951 1655 quem
980 1568 1018 1633 in
1047 1567 1191 1651 templo
1219 1566 1291 1632 hoc

282 1657 443 1723 medium
466 1659 589 1744 uides,
617 1682 712 1744 quae
736 1662 840 1724 terra
864 1657 1020 1724 dicitur:
1048 1656 1188 1742 hisque
1211 1655 1291 1721 ani·

240 1767 360 1812 ramus
398 1747 511 1813 datus
548 1750 607 1814 est
642 1770 684 1814 ex
717 1748 799 1814 illis
840 1746 1088 1830 sempiternis
1121 1744 1291 1831 ignibus,

281 1858 377 1919 quae
405 1837 532 1903 sidera
560 1841 599 1904 at
626 1837 765 1904 stellas
793 1837 960 1921 uocatis,
986 1857 1081 1922 quae
1104 1835 1291 1921 globosae

279 1927 317 1990 et
344 1927 530 1992 rotundae
558 1927 704 1993 diuinis
733 1927 926 1993 animatae
949 1925 1142 1991 mentibus
1166 1924 1290 1990 circos

280 2036 367 2080 suos
400 2017 589 2101 orbesque
621 2015 838 2083 conficiunt
873 2015 1082 2082 celeritate
1109 2012 1291 2079 mirabili.

279 2125 394 2188 quare
423 2108 461 2170 et
488 2105 578 2189 tibi,
606 2105 733 2190 Publi,
760 2108 798 2169 et
819 2104 897 2189 piis
920 2103 1097 2171 omnibus
1121 2102 1291 2167 retinen-

239 2210 265 2254 rs
279 2190 347 2255 dus
382 2193 531 2258 enimus
559 2197 619 2258 est
645 2194 683 2258 in
711 2192 889 2259 custodia
917 2190 1104 2275 corporis,
1137 2212 1205 2255 nec
1234 2190 1291 2253 in·

279 2279 386 2345 iussu
410 2280 505 2360 eius,
528 2303 549 2346 a
570 2302 643 2365 quo
662 2281 730 2346 ille
749 2283 808 2346 est
825 2281 937 2347 uobis
956 2278 1083 2364 datus,
1106 2300 1149 2344 ex
1168 2277 1290 2344 homi·

278 2390 365 2433 num
386 2368 468 2434 uita
483 2370 726 2456 migrandum
741 2373 813 2455 ast,
835 2392 881 2436 ne
895 2389 1029 2434 munus
1044 2367 1289 2452 adsignatum

280 2481 297 2522 u
327 2458 395 2524 deo
424 2458 621 2546 defugisse
647 2459 867 2527 uideamini.
916 2459 997 2525 haec
1025 2460 1113 2524 scota
1140 2460 1173 2522 et
1199 2458 1321 2543 prae5

279 2549 385 2633 ceptio
414 2548 559 2615 Platonis
587 2553 651 2631 est,
678 2551 733 2636 qui
760 2551 794 2616 in
823 2549 995 2616 Phaedone
1022 2547 1135 2614 delinit
1161 2547 1288 2614 homini

240 2659 268 2700 ao
281 2660 345 2703 uon
370 2660 439 2704 esse
459 2661 517 2704 sua
536 2643 651 2726 sponte
670 2640 880 2706 moriendum.
922 2638 976 2704 sed
995 2638 1031 2703 in
1049 2637 1160 2703 eodem
1179 2639 1288 2704 tamen

279 2727 408 2812 dialogo
433 2727 518 2793 idern
542 2727 621 2794 dicit
643 2733 780 2794 mortem
804 2727 1112 2813 philosophantibus
1136 2725 1288 2811 adpeten-

278 2815 353 2879 dam
388 2818 422 2880 ct
452 2816 555 2900 ipsam
582 2816 823 2902 philosophiam
851 2817 1094 2881 meditationem
1123 2837 1194 2881 esse
1222 2836 1289 2881 mo·

277 2904 388 2970 riendi.
438 2904 519 2971 haec
551 2904 613 2970 sibi
645 2926 722 2991 ergo
750 2907 915 2972 contraria
942 2904 1106 2986 uidentur,
1139 2904 1195 2969 sed
1223 2926 1288 2969 non

277 2992 325 3058 ita
348 2997 406 3059 cst.
452 3016 524 3058 num
550 2994 644 3060 Plato
670 2994 750 3059 duas
775 2998 896 3060 mortes
919 2993 1059 3060 hominis
1083 2993 1184 3058 nouit.
1230 3015 1290 3060 nee

237 3102 262 3144 ss
279 3084 339 3149 hoc
362 3106 448 3151 nunc
470 3087 591 3170 repeto,
613 3085 697 3170 quod
722 3085 870 3170 superius
893 3084 1014 3150 dictum
1038 3085 1096 3162 est,
1119 3082 1199 3148 duas
1219 3105 1289 3150 esse

278 3177 410 3258 mortes,
444 3196 541 3239 uuam
570 3175 710 3260 animae,
743 3175 892 3240 animalis
921 3174 1071 3239 alteram:
1103 3172 1159 3237 sed
1186 3171 1290 3258 ipsius

279 3285 405 3348 quoquc
424 3263 585 3347 animalis,
605 3263 667 3329 hoc
687 3269 736 3329 cst
753 3264 903 3348 hominis,
921 3264 1001 3328 duas
1020 3262 1142 3327 adserit
1159 3266 1290 3345 mortes,

278 3373 414 3435 quarum
455 3375 553 3418 unam
592 3356 723 3436 natura,
764 3354 902 3418 uirtutes
939 3352 1075 3416 alteram
1112 3354 1289 3435 praestant.

278 3439 376 3504 homo
400 3441 484 3505 enim
509 3440 655 3523 moritur,
677 3463 749 3506 oum
769 3442 877 3507 anima
898 3461 1013 3524 corpus
1032 3438 1188 3522 relinquit
1206 3440 1321 3506 solu-6

238 3534 347 3592 solum
379 3530 450 3613 lege
482 3532 633 3595 naturae:
667 3531 750 3596 mori
782 3531 881 3595 etiam
916 3529 1047 3609 dicitur,
1080 3547 1153 3592 oum
1181 3529 1290 3593 anima

278 3615 381 3680 adhuc
400 3616 434 3680 in
453 3638 587 3701 corpore
606 3619 786 3682 constituto
804 3639 975 3702 corporeas
990 3615 1172 3680 inlecebras
1186 3615 1290 3700 philo·

278 3703 395 3786 sophia
422 3704 558 3768 docente
586 3705 777 3787 contemnit,
804 3709 837 3768 et
864 3704 1075 3788 cupiditatum
1104 3701 1213 3768 dulces
1241 3703 1290 3767 in-

277 3790 377 3856 sidias
409 3792 613 3877 reliquasque
646 3814 758 3858 omnes
786 3793 914 3857 exuitur.
940 3791 1117 3876 passiones.
1167 3793 1201 3855 et
1226 3789 1289 3857 hoe

277 3884 340 3965 est,
363 3880 448 3968 quod
472 3881 620 3967 superius
644 3882 846 3948 exsecando
870 3881 1028 3946 uirtutum
1051 3878 1178 3963 ordine,
1206 3901 1290 3965 quae

278 4017 490 4026 -φ-...ο--ι

348 4091 433 4148 aule
451 4109 501 4148 mn.
521 4092 549 4146 P
618 4092 804 4147 4ish1eP
871 4090 1036 4147 viantum.
1054 4087 1093 4146 P'
1156 4096 1189 4147 18
1208 4090 1289 4145 diffu-

278 4163 346 4233 gisse
367 4162 395 4216 P
441 4167 473 4216 19
492 4164 636 4238 phedrone
725 4167 758 4218 al
779 4161 953 4234 philosophie
973 4159 1008 4216 P'
1057 4166 1091 4216 Μ
1106 4159 1295 4232 contepth
