3322 5190
675 909 726 966 XX
744 913 851 967 sl-se
1206 910 1273 978 569

259 1097 418 1160 mensure,
436 1098 533 1161 quani
552 1078 659 1141 terrae
677 1075 729 1141 nel
749 1073 892 1141 ambitus
909 1075 961 1140 uel
975 1073 1151 1142 diametros
1165 1075 1273 1162 habet,

259 1165 315 1231 sed
344 1168 378 1231 et
404 1163 516 1231 eireuli
543 1164 673 1249 modus,
700 1186 758 1249 per
787 1185 882 1251 quem
911 1166 960 1230 sol
989 1165 1103 1250 currit,
1130 1166 1184 1232 uel
1208 1165 1273 1231 dia-

258 1254 353 1319 metri
381 1254 449 1319 eius
477 1252 676 1319 ostenditur:
703 1275 790 1319 nune
818 1275 916 1340 quam
945 1252 1024 1318 eolis
1050 1275 1123 1320 esse
1146 1276 1273 1320 mensu·

257 1365 337 1422 ram,
359 1342 412 1407 uel
436 1364 532 1427 quem
557 1341 598 1407 ad
617 1342 749 1408 modum
767 1342 814 1407 ilii
833 1341 1079 1426 prudentissimi
1099 1342 1273 1429 deprehen·

230 1453 243 1493 i
258 1432 374 1512 derint,
396 1431 583 1497 indicemus.
624 1453 700 1497 nam
722 1432 808 1496 sieut
825 1453 864 1497 ex
882 1435 1012 1496 terrena
1029 1431 1146 1497 umbra
1163 1434 1273 1516 potuit

258 1520 379 1623 circuli,
401 1542 459 1604 per
479 1542 579 1622 'quem
599 1520 649 1585 sol
668 1524 764 1600 meat,
788 1518 981 1622 deprehendi
1001 1519 1201 1622 magnitudo,
1224 1521 1272 1585 ita
1356 1559 1358 1565 ·

256 1605 1325 1782 1111111111111ῑῖ1211ἕὶῥὲξῖέῗέῐζὶῑῒοὲεέιῖ26

257 1783 307 1848 die
331 1787 405 1849 ante
430 1783 510 1848 solis
534 1787 640 1849 ortum
665 1782 880 1869 aequabiliter
902 1785 1042 1849 leuatum
1066 1787 1117 1847 est
1140 1804 1271 1848 saxeum

218 1889 316 1937 ionas
340 1874 374 1936 iii
397 1871 629 1956 hemisphaerii
653 1872 793 1956 speeiem
817 1876 933 1936 canate
955 1871 1134 1937 ambitione
1156 1892 1272 1937 curua·

256 1964 339 2044 tum,
366 1961 452 2025 inira
479 1983 538 2045 per
565 1961 669 2026 lineas
698 1960 870 2046 designato
899 1960 1068 2027 duedeeim
1091 1959 1156 2026 diei
1178 1959 1272 2026 hora·

255 2071 326 2115 rum
350 2070 493 2135 numero,
517 2072 598 2136 quas
621 2049 689 2115 stili
712 2048 928 2133 prominentis
951 2048 1070 2114 umbra
1091 2070 1166 2115 euni
1183 2053 1271 2116 tran-

256 2139 320 2203 situ
352 2139 430 2205 solis
454 2139 686 2223 praetereundo
709 2137 890 2223 distinguit.
937 2137 999 2202 hoe
1021 2140 1073 2202 est
1096 2140 1214 2220 autem,
1237 2139 1325 2205 uta?

257 2227 392 2309 scimus,
420 2227 515 2292 huius
538 2227 627 2292 modi
650 2225 739 2292 uasis
763 2224 921 2308 officium,
947 2228 985 2291 ut
1006 2227 1101 2291 tanto
1125 2228 1272 2310 tempore

216 2331 277 2380 tea
299 2315 406 2400 priore
424 2316 493 2380 eius
512 2315 718 2381 extremitate
737 2313 778 2380 ad
798 2313 934 2379 alteram
953 2334 1056 2400 usqne
1070 2314 1140 2380 stili
1155 2314 1272 2382 umbra

255 2407 435 2491 percurrat,
468 2409 589 2491 quante
622 2405 671 2470 sol
703 2404 911 2469 medietatem
945 2403 1027 2469 eaeii
1060 2403 1101 2470 ab
1135 2406 1209 2471 ortu
1236 2405 1271 2470 in

255 2516 416 2579 oceasum,
439 2494 534 2560 unius
556 2492 680 2560 scilieet
697 2493 929 2579 hemisphaerii
947 2491 1161 2560 conuersione
1181 2495 1271 2560 meti·

254 2586 319 2649 tur.
360 2606 437 2648 nam
459 2584 561 2650 totius
585 2584 667 2651 caeli
686 2584 815 2670 integra
833 2582 1004 2649 conuersis
1023 2581 1109 2647 diem
1128 2585 1269 2648 nectem·

254 2694 317 2757 que
340 2672 512 2753 eoneludit,
536 2676 570 2738 et
591 2671 663 2738 ideo
687 2674 819 2738 constat
841 2675 999 2756 quantum
1022 2671 1072 2735 sel
1095 2672 1129 2736 in
1147 2671 1269 2739 eirenlo

213 2777 323 2839 roano,
346 2764 473 2825 tantum
496 2763 530 2825 in
554 2760 615 2826 hoe
637 2782 715 2825 uase
738 2759 888 2825 umbram
912 2781 1027 2826 meare.
1070 2758 1146 2826 huie
1164 2758 1323 2845 'igitur28

254 2849 469 2934 aequabiliter
499 2850 657 2914 eolleeato
690 2849 777 2914 eirea
807 2852 936 2930 tempus
970 2847 1049 2913 solis
1080 2848 1167 2914 ortui
1197 2870 1270 2935 pro-

253 2935 789 3109 tthtt'htttfzthtttt
817 2935 1028 3089 0111111
1042 2936 1270 3091 ethites&

254 3115 425 3179 summitas
458 3115 546 3181 orbis
579 3135 761 3201 emergens,
791 3048 908 3179 brbbra
939 3114 979 3178 de
1015 3112 1083 3178 stili
1121 3047 1270 3180 dedideris

213 3217 240 3259 2⁵
254 3203 443 3268 summitate
475 3203 615 3288 primam
647 3202 738 3268 curui
767 3201 853 3267 labri
882 3201 1092 3267 eminentiam
1120 3202 1270 3288 contigit,

253 3291 343 3355 loeus
372 3291 454 3376 ipse,
486 3291 543 3376 qui
571 3290 704 3356 umbrae
731 3289 894 3375 primitias
921 3289 1062 3375 excepit,
1094 3293 1194 3356 notae
1222 3291 1269 3355 in·

254 3380 421 3463 pressione
440 3379 588 3466 signatus
607 3383 666 3464 est,
685 3380 969 3465 obseruatumque,
987 3399 1084 3464 quam
1102 3379 1158 3444 diu
1173 3400 1271 3465 super

254 3469 378 3533 terram
400 3469 449 3533 ita
472 3468 552 3533 solis
577 3467 666 3534 orbis
690 3468 816 3555 integer
838 3470 1025 3553 appareret,
1052 3469 1090 3531 ut
1111 3467 1178 3532 ima
1201 3468 1270 3533 eius

254 3558 427 3623 summitas
456 3557 562 3624 adhue
585 3557 747 3623 horizonti
769 3556 936 3622 uideretur
959 3556 1113 3640 insidere,
1140 3560 1175 3622 et
1196 3578 1270 3624 moi
1281 3557 1324 3625 29

214 3666 241 3707 ee
255 3648 359 3732 loeus,
389 3647 430 3713 ad
457 3670 553 3733 quem
579 3647 696 3713 umbra
718 3650 795 3713 tune
818 3649 853 3712 in
876 3668 953 3712 uase
977 3646 1191 3733 migrauerat‚
1218 3647 1270 3713 ad·

325 3891 498 3948 lambitum
517 3890 554 3948 B'
617 3891 694 3947 niet
711 3889 748 3948 Β
814 3895 847 3946 10
865 3907 936 3945 uuas
954 3895 987 3947 ut
1003 3891 1061 3947 uid.
1081 3889 1118 3945 P'
1180 3890 1268 3946 hemi·

252 3963 336 4038 iperii
354 3964 382 4019 P
471 3959 646 4018 1111an
739 3967 772 4017 12
792 3961 926 4017 transitui
940 3959 977 4016 P'
1065 3964 1099 4016 14
1118 3961 1212 4017 ethere
1231 3961 1268 4018 Β

253 4040 286 4089 lt
306 4035 368 4090 eius
382 4034 562 4090 extremitate
580 4035 642 4090 eiiii
655 4034 684 4088 Β
741 4032 810 4088 ihilh
828 4033 857 4088 P
912 4032 1075 4088 umbramb
1131 4036 1164 4088 ii
1183 4031 1270 4091 hemi-

251 4106 334 4176 sperii
352 4107 380 4159 B
479 4111 514 4160 80
533 4105 695 4161 iuosmeat
709 4106 715 4171 1
729 4104 841 4159 tantum
862 4103 891 4157 P
987 4108 1021 4157 21
1040 4120 1114 4179 ppm
1136 4104 1213 4159 antii
1229 4101 1268 4160 P'

252 4180 287 4230 24
305 4177 368 4232 itile
386 4176 415 4230 P
494 4180 529 4229 hb
548 4190 669 4245 primam
687 4191 738 4230 em.
757 4175 786 4229 P
865 4179 951 4228 curiit
969 4175 998 4229 P
1070 4189 1122 4229 eon
1154 4176 1223 4245 tigit
1243 4176 1273 4229 P

253 4281 406 4335 28&1ma
428 4281 456 4333 P
508 4285 542 4335 19
562 4279 677 4334 inmitti
692 4281 720 4333 B
774 4260 892 4348 oriassnti
912 4277 948 4346 P,
966 4277 1084 4334 erinonti
1102 4278 1131 4332 Β
