3322 5190
597 833 663 890 vm
682 839 787 891 n-re
815 832 893 889 v1111
912 839 981 891 1-e
1231 832 1296 900 om

282 1018 339 1062 seu
366 994 487 1062 festina
514 1018 572 1062 eeu
595 994 760 1061 mordacia
786 995 871 1062 serio
895 997 1006 1061 tamen
1029 995 1221 1080 usurpatum
1248 996 1299 1061 est

464 1120 503 1185 de
527 1119 616 1186 caelo
640 1119 807 1185 descendit
829 1124 938 1203 γνῶθι
962 1121 1113 1184 σεαυτόν.

282 1263 358 1306 nem
382 1244 415 1306 et
436 1241 586 1328 Delphici
615 1265 679 1308 uox
701 1241 782 1308 haec
805 1241 909 1307 fertur
938 1242 1067 1308 oraculi.
1113 1242 1297 1309 consulenti

282 1330 322 1395 ud
348 1330 594 1416 beatitudinem,
618 1354 684 1418 quo
709 1332 823 1398 itinere
850 1331 1049 1418 peruenerit:
1073 1329 1106 1396 si
1129 1333 1166 1396 te
1190 1330 1298 1417 inquit

253 1421 498 1506 saguoueris.
544 1422 600 1488 sed
625 1424 658 1487 et
676 1421 780 1507 ipsius
802 1421 905 1488 fronti
923 1421 1037 1508 templi
1056 1421 1137 1488 haec
1155 1419 1297 1515 inspipta
1382 1443 1388 1473 r

282 1509 445 1576 sent-entia
476 1515 535 1578 est.
581 1512 706 1577 homini
739 1515 863 1598 autem,
895 1516 932 1576 ut
961 1510 1116 1597 diximus,
1147 1503 1226 1576 unax
1245 1509 1327 1577 est3
1357 1569 1360 1576 ,

281 1599 405 1687 agnitio
437 1601 502 1687 sui,
535 1601 562 1666 si
595 1601 730 1688 originis
762 1601 947 1686 natslisque
979 1599 1131 1686 principii
1164 1599 1298 1669 exordia

280 1691 388 1775 prima
409 1692 594 1776 respexerit,
617 1713 685 1757 nec
709 1712 748 1756 se
771 1690 985 1777 quaesierit
1008 1693 1108 1756 extra.
1144 1690 1192 1756 sic
1211 1689 1297 1756 enim

281 1779 391 1846 anima
423 1780 561 1847 uirtutes
589 1781 677 1866 ipsae
705 1779 903 1847 conscientia
928 1778 1111 1846 nobilitatis
1143 1779 1298 1864 induitur,

241 1870 398 1955 inquibus
431 1872 507 1954 post
533 1893 650 1954 corpus
677 1873 791 1936 euecta
817 1890 870 1954 eo,
892 1868 976 1933 uude
999 1868 1222 1954 descenderat,
1249 1891 1298 1935 re·

280 1961 445 2042 portatur,
482 1960 558 2042 quia
589 1981 648 2024 nec
680 1979 834 2043 corporea
865 1956 1025 2022 sordescit
1058 1958 1111 2022 uel
1145 1960 1299 2024 oneratur

280 2046 399 2129 eluuie,
429 2067 512 2130 quae
543 2069 625 2130 puro
659 2067 698 2112 ac
729 2046 793 2112 leui
826 2045 941 2113 fomite
976 2045 1134 2110 uirtutum
1162 2045 1298 2131 rigatur,

280 2154 339 2196 uec
357 2133 536 2197 deseruisse
555 2155 710 2217 umquam
734 2134 859 2198 caelum
878 2132 1017 2214 uidetur,
1039 2133 1126 2215 quod
1149 2135 1297 2215 respectu

280 2222 314 2282 et
333 2219 588 2303 cogitationibus
607 2219 803 2304 possidebat
848 2219 926 2284 hine
944 2219 1063 2302 anima,
1086 2240 1184 2303 quam
1208 2221 1243 2283 in
1262 2219 1328 2284 ss4

240 2324 266 2366 rs
279 2327 416 2390 pronam
436 2307 581 2390 eorporis
600 2327 678 2372 usua
697 2305 796 2370 efficit
814 2307 911 2390 atque
930 2307 964 2370 in
982 2306 1137 2389 pecudem
1156 2306 1297 2390 quodam

280 2395 376 2460 ruodo
400 2394 592 2461 reformauit
615 2417 653 2460 ex
671 2394 811 2479 homine,
834 2399 868 2459 et
891 2394 1126 2461 absolutionem
1151 2394 1296 2480 corporis

281 2484 513 2569 perhorrescit,
541 2489 574 2550 ct
601 2507 673 2550 eum
701 2506 832 2552 neccsse
860 2486 923 2570 eat,
946 2506 1013 2550 non
1037 2485 1101 2550 nisi
1125 2507 1207 2552 cum
1232 2505 1296 2572 ge·

281 2575 377 2639 mitu
401 2575 505 2659 fugit
527 2574 732 2661 indignata
756 2574 824 2640 sub
849 2574 1011 2662 umbras.
1058 2573 1115 2639 sed
1137 2595 1197 2641 nec
1219 2574 1327 2660 postb

281 2669 419 2729 mortem
447 2662 543 2730 facile
570 2685 688 2747 corpus
715 2664 881 2749 relinquit,
912 2663 988 2748 quia
1014 2684 1090 2728 non
1116 2662 1296 2729 funditus

241 2769 492 2835 recorporeae
516 2752 707 2818 excedunt
728 2756 874 2837 pestes,
898 2751 952 2816 sed
977 2754 1034 2815 aut
1053 2773 1145 2817 suum
1165 2751 1297 2817 oberrat

282 2839 419 2903 cadauer
452 2843 508 2905 aut
539 2841 617 2905 noui
651 2841 795 2924 corporis
824 2839 928 2905 ambit
960 2839 1199 2922 habitaculum,
1229 2860 1297 2904 non

282 2926 417 2991 humani
436 2930 565 2992 tanturn
584 2927 690 3011 modo,
713 2928 768 2994 sed
792 2928 888 2993 ferini
908 2948 1035 3012 quoque
1053 2926 1158 2992 electo
1177 2946 1297 3011 genere

283 3016 428 3080 moribus
457 3036 616 3102 congruo,
648 3039 730 3102 quos
758 3017 792 3081 in
821 3016 952 3093 homine
978 3015 1119 3081 libenter
1146 3013 1298 3098 exercuit,

283 3105 472 3190 mauultquc
496 3107 606 3172 omnia
629 3106 767 3192 perpeti,
791 3114 828 3172 ut
850 3106 990 3189 caelum,
1014 3103 1100 3190 quod
1129 3104 1180 3170 uel
1203 3102 1296 3189 igno·

243 3211 269 3254 rs
283 3194 384 3260 raudo
408 3196 460 3260 uel
484 3196 718 3262 dissimulando
740 3196 791 3261 uel
821 3195 929 3281 potius
957 3193 1123 3281 prodendo
1146 3192 1299 3273 deseruit,

283 3285 407 3350 euadat.
461 3285 629 3352 ciuitatum
663 3307 739 3351 uero
769 3289 911 3351 rectores
941 3283 1105 3369 ceterique
1134 3280 1328 3368 eapientes6

283 3375 406 3439 caelum
444 3377 605 3460 respectu,
638 3374 690 3439 uel
727 3396 800 3439 cum
834 3373 939 3439 adhuc
970 3394 1106 3456 corpore
1137 3373 1298 3457 tenentur,

355 3555 371 3604 2
392 3548 451 3604 luu.
471 3550 508 3603 XI
527 3554 561 3603 2¹1

358 3714 372 3761 1
401 3709 459 3762 fruc
486 3707 629 3764 mordacia
656 3707 692 3774 P,
720 3707 777 3762 flue
805 3705 946 3761 mordatra
973 3706 1001 3760 Β
1091 3710 1107 3758 s
1134 3707 1245 3761 ΤΝωθΙ
1274 3706 1303 3760 Ρ

285 3776 418 3832 adelircr
436 3779 464 3831 Β
554 3777 757 3833 sbeatrtutem
777 3776 805 3831 P
893 3775 1055 3846 perueniret
1071 3776 1101 3830 Β
1185 3774 1256 3831 bit
1272 3774 1301 3829 Β

285 3855 302 3904 8
321 3848 474 3922 qupfruerit
493 3849 645 3918 (ungulam
664 3849 728 3904 odd.
747 3848 775 3917 b)
790 3847 826 3916 B,
845 3847 990 3903 Bentleises
1004 3846 1095 3915 (Mus.
1108 3844 1197 3902 men.
1215 3848 1301 3914 1881,

285 3921 355 3988 325)
374 3920 473 3974 laudet
491 3919 567 3976 Pers.
586 3924 613 3988 1,
632 3923 649 3975 7
752 3922 786 3972 10
800 3919 899 3975 euecta
914 3921 1024 3986 praeter
1042 3920 1073 3971 ta
1091 3917 1123 3972 in
1141 3931 1196 3972 ros.
1214 3916 1247 3970 {a
1264 3915 1294 3970 P

285 3989 383 4045 (lande
405 4006 459 4044 eno
482 3987 517 4043 Β
611 3995 643 4044 12
668 3989 698 4044 et
719 3987 777 4044 leur
801 3989 825 4056 (t
847 3989 880 4043 ia
901 3991 968 4054 rue.)
989 3987 1018 4042 P
1108 3989 1140 4040 15
1159 3955 1303 4043 efferat

321 4060 443 4130 quodam
461 4076 532 4116 corr.
550 4077 585 4117 ea
605 4076 673 4130 qma
690 4061 722 4115 in
740 4061 769 4115 B
841 4063 873 4113 17
892 4058 1039 4130 porlrelcst
1054 4058 1082 4112 Β
1148 4062 1181 4113 18
1199 4055 1256 4112 lust
1272 4056 1301 4111 Β

287 4130 367 4254 ltilB
424 4136 456 4185 1⁹
476 4131 596 4200 relinqui
615 4131 644 4186 P
705 4135 741 4185 20
760 4130 800 4185 let
817 4129 854 4184 B'
909 4133 944 4182 28
964 4144 1057 4184 omine
1076 4124 1115 4183 P‘
1171 4130 1206 4181 25
1225 4125 1301 4181 dilli-

286 4218 326 4255 mr
339 4202 412 4256 ando
433 4202 461 4255 P
