3322 5190
330 794 375 859 30
728 793 806 852 ΕΔΤ.
824 794 921 853 LIBRI
940 795 953 849 1

332 955 460 1021 additos
490 956 609 1040 uoluit,
638 957 747 1039 tacite,
775 957 803 1021 si
832 957 1015 1022 uolentibus
1039 958 1133 1022 nobis
1156 959 1234 1042 erit,
1260 957 1348 1023 diem

330 1043 554 1108 communibus
579 1046 612 1107 ct
634 1045 754 1108 fabulis
779 1050 811 1108 et
835 1045 938 1128 epulis
961 1047 1142 1130 exigamus,
1170 1047 1287 1129 quibus
1311 1052 1350 1110 ut

331 1153 444 1196 omnes
467 1131 564 1196 hodie
588 1135 643 1216 qui
663 1135 850 1215 praesentes
870 1137 947 1197 sunt
965 1133 1176 1217 adquiescant
1193 1134 1348 1216 impetra·

280 1222 320 1286 10
331 1225 401 1284 tum
415 1219 531 1284 teneo'.
564 1224 641 1286 tunc
656 1221 711 1284 ille
724 1219 944 1303 ‘superuenire
962 1220 1084 1285 fabulis
1102 1242 1168 1286 non
1189 1225 1348 1286 euocatus

330 1308 416 1373 haud
436 1308 584 1393 equidem
604 1314 699 1392 turpe
714 1308 931 1373 existimatur:
950 1331 1063 1373 uerum
1081 1314 1198 1393 sponte
1216 1311 1348 1375 inruere
1375 1333 1388 1371 a

329 1397 364 1460 in
388 1397 575 1461 conuiuium
597 1397 671 1461 aliis
690 1402 917 1479 praeparatum
936 1418 995 1462 nec
1014 1396 1158 1461 Homero
1178 1398 1246 1462 sine
1265 1401 1347 1462 nota

330 1484 384 1549 uel
416 1486 450 1549 in
482 1484 584 1549 fratre
616 1490 830 1549 memoratum
864 1490 926 1567 est,
958 1490 992 1549 et
1018 1486 1105 1571 uide,
1136 1507 1178 1550 ne
1208 1485 1348 1550 nimium

330 1576 522 1658 arroganter
541 1577 607 1638 tres
626 1572 685 1637 tibi
705 1573 785 1638 uelis
805 1571 970 1640 Menelaos
989 1574 1176 1659 contigisse,
1199 1594 1273 1638 cum
1291 1574 1347 1640 illa

279 1667 315 1732 11
329 1667 421 1727 tanto
444 1661 516 1745 regi
540 1683 624 1726 unus
653 1660 818 1728 euenerit'
864 1667 933 1727 tum
961 1685 1074 1727 omncs
1098 1663 1345 1729 Praetextatum

330 1751 481 1815 iuuantes
511 1771 605 1815 orare
634 1750 813 1835 blandeque
841 1752 880 1816 ad
909 1772 1079 1816 commune
1106 1752 1245 1817 inuitare
1268 1773 1344 1817 con·
1361 1777 1388 1816 ra

330 1838 481 1922 sortium,
509 1837 713 1923 Euangelum
742 1839 870 1922 quidem
896 1840 1025 1926 saepius
1050 1846 1083 1905 et
1106 1840 1259 1925 maxime,
1287 1840 1345 1905 sed

328 1950 395 1993 non
419 1948 584 2011 nunquam
608 1934 737 1992 etcum
760 1949 799 1992 eo
822 1928 944 2012 pariter
967 1930 1143 2014 ingressos.

278 2027 318 2093 12
417 2015 507 2081 luter
533 2016 613 2082 haec
637 2016 824 2103 Euangelus
848 2020 950 2102 petitu
975 2020 1119 2084 omnium
1144 2021 1345 2105 temperatus

330 2105 384 2173 ‘M.
404 2105 600 2173 Vauuoms’
621 2106 726 2190 inquit
744 2105 874 2172 ‘librum
898 2109 990 2174 uolns
1010 2109 1150 2174 arbitror
1167 2132 1233 2174 non
1252 2109 1344 2193 igno·

328 2202 397 2261 lum
417 2217 456 2259 ex
475 2197 595 2259 saturis
614 2194 804 2278 Menippeis,
827 2198 881 2282 qui
900 2196 1089 2262 inscribitur
1107 2197 1236 2264 Nuscls
1255 2216 1343 2275 eru
1359 2221 1385 2260 rs

328 2301 460 2350 vussau
484 2301 611 2366 vunnu,
634 2283 667 2347 iu
692 2305 755 2366 quo
780 2287 1030 2349 conuiuarum
1053 2308 1249 2350 numerum
1272 2286 1345 2350 hac

328 2373 412 2456 lage
436 2371 548 2433 delinit
567 2375 603 2433 ut
625 2390 747 2452 neque
771 2371 896 2434 minor
919 2394 1029 2453 quem
1048 2372 1269 2437 Gratiarum
1293 2374 1346 2436 sit

327 2478 449 2542 usque
486 2476 597 2540 quam
629 2455 822 2519 Musarum
858 2459 1105 2522 numerosior.
1160 2459 1213 2523 hie
1248 2458 1344 2522 uideo

328 2548 461 2626 excepto
489 2562 565 2625 rege
593 2542 736 2605 conuiuii
768 2546 819 2605 tot
841 2565 900 2606 uos
923 2565 993 2608 esse
1017 2548 1097 2628 quot
1119 2544 1232 2609 Musae
1255 2549 1344 2609 suntr

277 2645 315 2710 13
326 2630 404 2786 pald
429 2650 507 2747 arpo
531 2629 675 2712 perfecto
703 2650 836 2694 numero
861 2633 1015 2713 quaeritis
1040 2631 1262 2697 adiciendos?'
1310 2636 1384 2697 aa

358 2718 456 2785 attius
488 2716 562 2782 hoc'
581 2717 687 2800 inquit
705 2715 811 2782 ‘nobis
827 2719 1011 2801 praesentia
1024 2725 1136 2785 uestra
1152 2721 1343 2805 praestabit,

326 2815 363 2875 ut
390 2813 424 2875 et
450 2806 562 2873 Musas
591 2807 782 2891 impleamus
811 2811 844 2871 et
872 2806 1016 2892 Gratias,
1043 2831 1124 2895 quas
1153 2810 1194 2874 ad
1221 2808 1342 2875 festum

235 2895 239 2908 '
325 2898 458 2965 deorum
483 2896 628 2963 omnium
651 2894 809 2978 principis
832 2918 969 2981 aequum
993 2902 1044 2962 est
1066 2900 1246 2963 conuenire.

416 2985 498 3053 Cum
522 2985 624 3070 igitur
637 2983 867 3068 consedissent,
890 2984 998 3050 Horas
1018 2985 1180 3051 Auienum
1199 2987 1341 3071 intuens,

274 3080 421 3161 llqusm
445 3073 638 3139 familiarius
661 3072 867 3157 frequentare
891 3074 1006 3138 solitus
1030 3079 1101 3139 erat
1124 3075 1169 3139 ‘iu
1192 3075 1265 3140 hoc'
1289 3075 1337 3140 in·
1353 3097 1379 3137 aa

325 3164 396 3248 quit
422 3160 566 3228 ‘Saturni
594 3162 694 3244 cultu,
730 3184 824 3246 quem
853 3162 984 3227 deorum
1011 3163 1192 3246 principem
1220 3164 1338 3249 dicitis,

324 3253 407 3318 ritus
432 3255 539 3317 uester
561 3249 603 3314 ab
623 3250 858 3334 Aegyptiorum
882 3250 1129 3335 religiosissima
1152 3257 1249 3337 gente
1273 3253 1338 3318 dis·

324 3342 434 3408 sentit.
479 3360 556 3404 nam
579 3338 628 3404 illi
650 3360 754 3424 neque
777 3337 953 3404 Saturnum
976 3362 1034 3404 nec
1058 3340 1164 3424 ipsum
1189 3339 1337 3427 Serapim

323 3432 512 3516 receperant
538 3429 571 3494 in
600 3451 718 3494 arcana
745 3428 940 3512 templorum
969 3452 1071 3514 usquc
1096 3430 1136 3495 ad
1161 3430 1338 3497 Alexandri

324 3538 536 3549 ...a-numm

397 3592 429 3641 lt
448 3586 547 3655 fragm.
566 3587 618 3640 sat.
638 3601 665 3654 p.
687 3589 737 3639 175
756 3585 798 3639 ed.
819 3584 900 3639 Riese

393 3727 535 3782 liubulrs
549 3726 643 3782 om.P
695 3729 810 3796 tturpe
829 3727 930 3781 ΜΒ)
987 3729 1134 3782 irruereP
1187 3731 1337 3786 thamara

323 3802 363 3854 B:
384 3797 511 3855 menelao
530 3800 561 3854 ιἰι
579 3814 634 3853 rus.
655 3797 693 3850 1³¹
747 3801 764 3851 8
782 3796 841 3851 trus
856 3798 893 3853 P:
913 3799 1007 3868 pluras
1021 3801 1053 3854 ia
1071 3817 1157 3869 curura
1179 3801 1224 3868 Pl,
1243 3801 1288 3855 rol
1299 3800 1336 3856 B'

324 3877 355 3925 u
379 3888 467 3926 marci
485 3870 546 3923 BP
621 3875 653 3922 16
677 3883 791 3922 numero
811 3866 846 3921 P'
926 3876 955 3924 17
980 3887 1071 3938 ireque
1095 3887 1177 3939 (laum
1192 3889 1208 3928 s
1224 3874 1264 3927 ll:
1288 3890 1337 3928 nc·

321 3941 477 4012 quaqua?
528 3946 561 3995 18
575 3937 744 3995 numerosior
759 3939 793 3994 B‘
849 3945 884 3994 20
923 3943 1038 3996 erfectro
1054 3943 1082 3997 B
1132 3949 1164 3996 23
1179 3961 1336 4013 prrncrpem

319 4018 351 4070 al
368 4015 427 4069 uid.
446 4011 482 4066 B'
551 4027 690 4080 aequarum
709 4011 736 4064 Β
805 4017 838 4065 tt
857 3958 1032 4067 1nlu1us1³
1095 4019 1127 4067 27
1148 4016 1336 4084 aegiptiorum

320 4085 350 4208 ᾗ)
378 4082 529 4211 applleptnrt
548 4114 580 4124 -
601 4089 634 4138 29
653 4084 817 4153 receperant
834 4098 885 4139 om.
904 4084 932 4138 B
991 4101 1021 4138 m
1040 4083 1163 4140 archana
1181 4087 1234 4156 (ita
1252 4090 1336 4143 ctiam
