3442 5190
758 782 822 837 XVI
843 788 946 838 11-19
1316 783 1356 847 81

346 943 399 1029 qui
412 942 523 1009 iudicii
537 965 716 1010 causacum
725 943 897 1030 peregrino
908 943 1132 1029 instituuntur,
1145 944 1183 1010 nt
1192 943 1354 1011 Punvnvs

345 1033 380 1098 in
397 1032 625 1099 Cvrcvnronn

410 1158 437 1222 si
461 1158 566 1222 status
590 1157 757 1223 condictus
781 1180 853 1223 cum
877 1157 972 1223 hoste
995 1155 1182 1224 intercessit
1204 1158 1283 1224 dies.

345 1280 492 1346 hostem
533 1301 618 1346 nunc
660 1302 750 1346 more
790 1284 899 1346 uetere
936 1281 1101 1367 significet
1137 1281 1354 1367 peregrinum.

319 1367 558 1454 sproelisres
595 1369 637 1433 cb
674 1369 769 1434 iustis
801 1391 869 1434 non
902 1370 1155 1457 segregsuerim,
1192 1370 1353 1455 siquidem
1366 1371 1407 1436 15

345 1457 438 1522 iusti
471 1462 549 1524 sunt
581 1459 728 1524 continui
760 1459 897 1545 triginta
929 1458 1010 1542 dies,
1049 1459 1166 1543 quibus
1199 1459 1353 1525 exercitui

344 1545 501 1629 imperato
528 1547 684 1612 uexillum
712 1548 796 1612 russi
826 1547 945 1612 eoloris
974 1548 1007 1612 in
1032 1569 1104 1612 erce
1127 1547 1272 1631 positum
1295 1550 1355 1633 est,

345 1635 561 1718 proeliares
585 1636 694 1701 entem
718 1657 839 1720 omnes,
862 1636 980 1721 quibus
999 1635 1049 1701 iss
1069 1638 1120 1701 est
1138 1658 1190 1701 res
1209 1639 1354 1721 repetere

344 1724 394 1788 nel
418 1724 545 1790 hostem
569 1724 739 1790 lsccsserc.
771 1747 847 1789 nom
870 1747 944 1790 curn
968 1724 1087 1809 Latiar,
1109 1724 1173 1790 hoc
1197 1729 1246 1790 est
1269 1725 1408 1792 Lati-16

308 1843 332 1883 sc
345 1837 456 1879 narum
470 1814 637 1900 sollcnsnc,
656 1815 844 1900 concipitur,
862 1815 940 1880 item
955 1815 1069 1881 diebus
1084 1813 1356 1899 Saturnaliorum

345 1904 398 1970 sed
422 1909 455 1971 ct
477 1927 550 1971 cum
574 1906 712 1971 mundus
730 1907 831 1990 patet,
852 1905 946 1971 nefas
966 1910 1017 1970 est
1036 1906 1195 1990 proelium
1215 1927 1356 1971 sumere:

345 1995 419 2080 quis
446 2017 506 2062 nec
532 1995 725 2062 Latinorum
752 1999 912 2081 tempore,
945 2018 1009 2081 qno
1037 1993 1165 2080 publice
1193 1995 1356 2082 quondum
1371 1997 1408 2061 17

345 2085 487 2150 indutiae
505 2085 591 2150 inter
610 2085 765 2171 populum
786 2085 970 2150 Romanum
990 2085 1189 2169 Latinosque
1209 2086 1356 2150 firmatus

345 2178 429 2257 eunt,
451 2175 600 2241 inchoari
623 2174 746 2239 bellum
769 2174 917 2256 decebat,
941 2195 1001 2238 nec
1025 2173 1156 2238 Saturni
1180 2173 1278 2258 festo,
1301 2173 1357 2259 qui

307 2289 332 2330 ss
347 2263 414 2327 sine
441 2264 508 2328 uilo
531 2264 673 2328 tumulto
698 2263 815 2327 bellico
838 2261 980 2327 creditur
1003 2263 1193 2345 imperasse,
1219 2283 1278 2326 nec
1300 2283 1356 2345 ps-

346 2355 432 2417 tentc
462 2352 596 2433 mundo,
624 2351 709 2436 qnod
736 2373 863 2416 socrum
888 2350 956 2415 Diti
980 2351 1064 2434 putri
1088 2352 1121 2415 et
1142 2349 1356 2435 Proserpinae

346 2441 488 2507 dicatum
512 2445 571 2526 est,
593 2440 772 2527 meliusque
792 2441 920 2507 occluso
937 2439 1085 2506 Plutonis
1104 2439 1197 2505 fauce
1215 2439 1356 2505 eundum

348 2531 387 2595 sd
414 2531 572 2616 proelium
600 2532 804 2617 putauerunt.
849 2529 933 2594 unde
961 2533 994 2594 et
1016 2529 1143 2596 Venno
1174 2530 1220 2593 its
1243 2530 1357 2594 scribit
1370 2530 1410 2596 18

347 2620 507 2684 mundus
533 2642 614 2685 cum
638 2624 760 2705 patet,
783 2619 938 2683 deorum
961 2619 1136 2683 tristium
1160 2620 1276 2702 etque
1299 2617 1356 2682 in·

306 2707 468 2776 sofcrum
493 2708 603 2794 qussi
625 2711 740 2773 ianus
764 2709 881 2790 putet.
918 2710 1126 2791 propterea
1148 2727 1226 2770 non
1246 2706 1357 2771 modo

346 2796 538 2878 proelium
568 2795 773 2877 committi,
801 2815 932 2858 uerum
955 2795 1071 2858 etiem
1094 2794 1277 2858 dilectum
1301 2793 1357 2856 rei

346 2883 532 2949 militaris
565 2905 680 2948 csusa
713 2881 848 2947 habere
877 2903 919 2945 ac
946 2881 1109 2946 militem
1138 2880 1357 2966 proficisci,

346 2972 473 3036 nanim
497 2972 660 3057 soluere,
683 2992 838 3036 uxorem
863 2969 1028 3034 liberum
1052 2968 1357 3055 quaerendorum

347 3081 462 3125 conso
494 3059 646 3145 ducere,
674 3059 903 3146 religiosum
936 3063 1002 3124 est.
1054 3059 1206 3123 nitebant
1232 3061 1356 3122 ueteres
1370 3060 1410 3125 19

306 3149 386 3217 read
406 3151 494 3215 uiros
513 3151 676 3215 necandos
696 3150 794 3215 etiem
814 3149 891 3232 dios,
915 3147 970 3234 qni
989 3152 1098 3214 essent
1115 3149 1222 3213 notati
1241 3148 1357 3212 rebus

348 3238 537 3322 aduersis,
574 3239 725 3304 nitebant
757 3239 856 3303 etism
888 3237 1013 3322 scriis,
1050 3237 1135 3303 sicut
1165 3236 1292 3302 VARRO
1325 3237 1358 3302 in

348 3326 523 3393 Avevnvn
552 3327 645 3393 libris
669 3327 783 3393 scribit
806 3328 840 3391 in
863 3327 944 3392 haec
967 3328 1067 3393 uerbo
1090 3325 1197 3391 uiros
1220 3347 1359 3391 uocsre

349 3416 457 3482 feriis
484 3439 560 3482 non
585 3420 754 3501 oportet:
783 3415 816 3481 si
844 3417 1013 3501 uocauit,
1041 3415 1235 3501 piaculum
1264 3417 1359 3480 ceto.

417 3590 515 3640 amb

416 3735 624 3806 sgnrpuhoue
647 3737 684 3806 Β,
747 3736 874 3807 rgnhone
900 3735 929 3789 P
1008 3734 1195 3791 81ιοηι.Β
1285 3732 1361 3787 411-

349 3807 488 3878 gnifrcons
498 3824 568 3862 corr.
587 3824 621 3862 eo
639 3807 708 3878 signs
723 3808 844 3862 scantin
857 3808 885 3860 Β
932 3810 948 3859 6
963 3804 1096 3878 prplsules
1107 3805 1141 3872 P,
1159 3803 1313 3874 proelrcrcs
1324 3803 1360 3858 Β

350 3897 367 3932 u
383 3880 410 3934 Β
479 3879 640 3935 sscontmur
658 3896 708 3935 om.
729 3880 757 3933 P
825 3877 993 3952 8prphsici
1008 3877 1037 3932 P
1102 3877 1147 3931 rei
1162 3892 1213 3933 om.
1233 3877 1261 3930 P
1327 3880 1360 3929 10

349 3951 470 4021 soilepne
490 3951 518 4004 P
571 3957 603 4005 11
623 3951 760 4021 proelium
777 3950 804 4003 P
854 3956 886 4004 12
901 3948 977 4018 quod
990 3948 1148 4022 publrch
1199 3947 1360 4017 ltpoiente

349 4029 379 4077 ut
396 4023 454 4077 uid.
473 4019 509 4077 B'
567 4028 599 4077 17
620 4021 789 4092 plotonrsB'
848 4027 880 4075 18
899 4022 1036 4093 precluum
1054 4021 1081 4073 P
1134 4025 1166 4075 sl
1183 4019 1363 4090 prsclsnmP

350 4093 522 4149 delectnmb
590 4099 625 4148 13
644 4109 744 4147 nsuem
764 4093 791 4147 Β
859 4097 893 4147 25
912 4094 1043 4160 nontcnts
1063 4092 1090 4146 Β
1156 4097 1189 4145 27
1210 4089 1317 4160 scnpl'st
1333 4089 1361 4142 Β

350 4167 479 4220 uocaret
534 4169 568 4218 28
586 4166 702 4220 uocauit
719 4181 788 4220 corr.
809 4165 840 4219 iss
858 4164 974 4219 uscobrt
992 4165 1023 4218 in
1038 4163 1066 4217 B
1116 4161 1156 4217 en
1176 4161 1204 4214 P

401 4263 545 4304 Mscnosres
1131 4256 1147 4303 6
