3442 5190
734 820 772 875 x1
793 825 825 876 n
852 819 991 876 x111-r
1304 820 1367 889 531

354 980 442 1048 Ditis
465 982 645 1067 imperium,
667 981 744 1068 quia
763 982 890 1048 animae
908 981 984 1046 inde
1002 981 1115 1066 lapsae
1133 982 1287 1051 uidentur
1305 985 1369 1050 iam

356 1093 374 1135 a
398 1071 522 1154 superis
545 1072 726 1136 recessisse.
771 1071 844 1136 ideo
867 1071 1005 1155 primam
1028 1069 1238 1136 nascentibus
1261 1073 1370 1138 offerri

356 1159 404 1224 ait
427 1159 521 1224 lactis
545 1159 747 1242 alimoniam,
773 1160 849 1242 quia
870 1156 996 1242 primus
1019 1159 1066 1223 sis
1090 1161 1198 1224 motus
1222 1182 1242 1224 a
1264 1158 1369 1226 lacteo

355 1247 471 1333 incipit
487 1247 523 1312 in
541 1270 679 1332 corpora
697 1250 826 1311 terrena
845 1245 1040 1311 labentibus.
1077 1246 1161 1312 unde
1177 1251 1210 1312 et
1223 1246 1368 1334 Scipioni

327 1335 394 1401 sde
423 1335 537 1401 animis
564 1338 734 1402 beatorum
762 1337 894 1399 ostenso
922 1334 1027 1399 lacteo
1056 1333 1253 1401 dictumest
1279 1336 1368 1402 hinc

354 1424 524 1508 proiecti
551 1425 625 1489 huc
650 1427 908 1489 reuertuntur.
955 1443 1034 1506 ergo
1057 1422 1399 1492 descensurae-cum

355 1511 459 1578 adhuc
487 1512 522 1577 in
545 1511 668 1579 Cancro
695 1514 784 1590 sunt,
813 1512 967 1595 quoniam
990 1511 1059 1576 illic
1080 1513 1207 1594 positae
1230 1513 1368 1580 necdum

353 1601 495 1667 lacteum
522 1601 734 1686 reliquerunt,
762 1599 867 1666 adhuc
894 1600 928 1664 in
956 1622 1091 1666 numero
1119 1604 1196 1666 sunt
1224 1601 1367 1669 deorum.

354 1712 426 1755 cum
454 1712 532 1756 nero
560 1691 600 1756 ad
624 1690 768 1757 Leonem
791 1689 930 1756 labendo
954 1688 1175 1774 peremerint,
1203 1690 1271 1756 illic
1293 1714 1366 1758 con·

315 1798 341 1839 so
354 1779 488 1846 dicionis
525 1781 654 1846 futurae
687 1778 897 1864 auspicantur
929 1778 1103 1844 exordium.
1158 1783 1191 1844 et
1224 1780 1300 1865 quia
1331 1783 1365 1847 in

353 1868 461 1935 Leone
484 1874 563 1935 sunt
585 1870 767 1934 rudimenta
791 1867 944 1934 nascendi
968 1872 1002 1934 et
1023 1869 1181 1956 quaedam
1205 1869 1365 1936 humanae

353 1960 488 2023 naturae
512 1958 671 2042 tirocinia,
695 1958 858 2042 Aquarius
883 1960 992 2022 autem
1016 1956 1171 2022 aduersus
1192 1957 1293 2024 Leoni
1316 1966 1368 2026 cst

353 2048 386 2110 et
412 2046 471 2112 illo
496 2047 619 2111 oriente
648 2069 722 2111 ruox
750 2045 883 2128 occidit,
910 2046 983 2110 ideo
1010 2069 1083 2111 cum
1111 2047 1160 2112 sol
1186 2047 1366 2132 Aquarium

352 2137 455 2219 tenet,
491 2134 644 2201 Manibus
681 2139 884 2220 potentatur,
920 2138 1033 2219 utpote
1066 2135 1098 2199 in
1132 2135 1240 2220 signo,
1278 2137 1364 2220 quod

314 2221 513 2289 rehumanae
554 2224 642 2290 uitae
684 2224 884 2289 contrarium
925 2224 976 2288 uel
1018 2224 1189 2289 aduersum
1231 2224 1363 2291 feratur.

352 2313 441 2378 illinc
465 2334 543 2399 ergo
567 2313 599 2379 id
623 2317 675 2379 est
697 2337 717 2379 a
739 2311 887 2399 confinio,
912 2335 976 2399 quo
1000 2336 1035 2380 se
1058 2312 1206 2380 zodiacus
1226 2314 1394 2386 lacteus-b

353 2425 414 2488 qne
438 2405 641 2492 contingunt,
665 2404 775 2470 anima
798 2402 993 2468 descendens
1017 2427 1037 2469 a
1060 2403 1164 2486 tereti,
1187 2427 1270 2490 qnae
1293 2407 1364 2472 sola

351 2492 456 2559 forma
475 2493 586 2558 diuina
605 2497 664 2579 est,
688 2494 720 2559 in
740 2515 856 2560 conum
876 2492 1044 2560 defluendo
1063 2493 1259 2579 producitur,
1278 2495 1364 2561 sicut

352 2604 372 2646 a
399 2585 519 2667 puncto
548 2583 692 2648 nascitur
719 2583 818 2662 lines,
847 2585 880 2647 et
906 2583 941 2647 in
968 2584 1103 2669 longum
1130 2606 1168 2647 ex
1194 2583 1360 2652 indiuiduo

310 2687 337 2728 2⁰
350 2672 511 2754 procedit:
534 2672 642 2756 ibique
666 2695 686 2736 a
709 2676 827 2755 puncto
851 2693 919 2754 suo,
941 2672 1027 2756 quod
1051 2675 1102 2737 ast
1124 2694 1248 2757 monas,
1270 2674 1362 2738 uenit

350 2760 384 2823 in
412 2759 562 2844 dyadem,
589 2782 671 2845 quae
699 2763 749 2823 est
775 2759 882 2842 prima
909 2761 1097 2842 protractio.
1143 2763 1175 2825 et
1201 2760 1282 2825 haec
1309 2766 1391 2830 ests

350 2848 501 2928 essentia,
524 2869 621 2930 quam
644 2847 845 2911 indiuiduam
866 2847 1062 2930 eandemque
1082 2846 1246 2911 diuidnam
1265 2847 1359 2913 Plato

349 2933 382 2996 in
406 2933 538 2998 Timaeo
562 2956 634 2999 cum
658 2935 696 2998 de
720 2931 901 2998 mundanae
924 2934 1053 2997 animae
1071 2934 1194 2998 fabrica
1213 2935 1359 3018 loquere·

347 3022 402 3084 tur
426 3022 591 3105 expressit.
631 3022 757 3086 animae
781 3021 866 3084 enim
891 3021 975 3085 sicut
997 3021 1107 3085 mundi
1131 3021 1178 3086 ita
1200 3025 1235 3086 et
1257 3020 1360 3087 homi·

308 3125 333 3164 ²⁵
347 3109 396 3172 nis
429 3110 524 3174 unius
558 3109 653 3174 modo
687 3108 856 3174 diuisionis
889 3109 1114 3192 repperientur
1145 3109 1291 3195 ignarae,
1331 3110 1359 3174 si

348 3197 475 3262 diuinae
503 3199 639 3263 naturae
662 3196 856 3281 simplicitas
884 3197 1059 3281 cogitatur,
1089 3198 1186 3263 modo
1214 3219 1360 3283 capaces,

347 3307 419 3350 cnm
441 3285 500 3350 illa
522 3309 580 3369 per
602 3287 714 3350 mundi
737 3286 818 3351 haec
840 3306 898 3370 per
920 3285 1061 3351 hominis
1080 3287 1227 3350 membra
1245 3285 1360 3351 diffun-

347 3373 441 3438 ditur.
487 3376 597 3438 anima
627 3394 705 3458 ergo
733 3396 806 3439 eum
835 3373 976 3438 trahitur
1003 3372 1044 3438 ad
1073 3395 1203 3458 corpus,
1236 3375 1270 3438 in
1298 3374 1389 3444 hae'i

346 3462 451 3547 prirna
484 3462 534 3527 sui
566 3463 776 3547 productione
810 3462 994 3528 siluestrem
1028 3465 1217 3542 tumultum,
1250 3463 1281 3527 id
1311 3468 1361 3528 est

306 3569 332 3610 ω
347 3551 431 3636 ὕλην
449 3553 647 3638 induentem,
666 3553 730 3618 sibi
748 3553 864 3639 incipit
882 3551 1029 3636 experiri.
1066 3557 1100 3618 et
1117 3553 1180 3618 hoc
1196 3555 1256 3638 est,
1274 3553 1359 3638 qnod

417 3762 566 3818 lmdetur
582 3760 618 3818 B'
674 3771 766 3832 aqua
784 3763 819 3819 B'
876 3761 1072 3835 udosanffurq
1091 3762 1119 3816 B
1174 3763 1310 3833 'lpofrtoe
1328 3765 1360 3819 in

345 3834 399 3902 dna
421 3835 554 3891 nudasti
575 3851 626 3891 om.
649 3834 678 3889 Β
767 3822 1020 3890 θεοιιᾱήιοιιιῐΒ
1111 3837 1144 3888 18
1167 3849 1301 3902 aquarum
1320 3833 1359 3888 P'

347 3909 380 3960 18
399 3905 537 3962 defluente
558 3902 595 3961 P'
691 3906 819 3979 pdrcrtur
837 3904 874 3961 P'
966 3911 1000 3961 2ο
1020 3905 1101 3961 isso
1122 3905 1158 3974 P,
1176 3903 1224 3960 suo
1242 3906 1359 3960 euanuit

344 3977 376 4031 in
398 3978 426 4032 B
533 3983 565 4032 21
587 3976 701 4031 drudam
722 3981 844 4046 (praeter
862 3978 902 4101 dp
923 3993 996 4046 quaa
1015 3976 1057 4031 an
1074 3993 1166 4046 prima
1184 3980 1359 4032 euonanunt

343 4048 375 4102 in
389 4048 417 4102 B
495 4053 529 4102 22
549 4047 665 4103 essentia
683 4064 768 4117 quarn
787 4053 812 4103 et
830 4064 882 4103 ean
903 4063 1002 4115 emqne
1021 4046 1166 4101 drnrdnam
1185 4052 1358 4102 massuram

344 4119 375 4241 tals
392 4118 455 4242 BB
483 4122 517 4173 25
536 4118 710 4189 reponentur
731 4119 759 4173 P
816 4123 850 4173 29
868 4117 1070 4188 productiones
1083 4116 1112 4171 P
1163 4122 1198 4172 80
1216 4118 1302 4188 hylen
1323 4117 1358 4185 P,

343 4204 408 4242 ren

1089 4274 1143 4328 34*
