3442 5190
657 840 722 899 xul
741 844 847 896 ec-ar
875 840 956 897 xllll
976 847 1044 896 ι-τ
1295 843 1360 907 461

348 1027 418 1070 eam
438 1004 619 1070 cunctatior
637 1004 727 1068 uisus
742 1006 900 1089 penetrat,
919 1004 1012 1069 cuius
1032 1004 1155 1069 offensa
1174 1025 1363 1088 repercussa

348 1092 478 1158 uidendi
503 1093 588 1158 acies
612 1090 770 1158 scinditur
798 1092 888 1157 etin
912 1114 946 1157 se
970 1094 1115 1157 recurrit.
1162 1093 1263 1158 scissa
1286 1093 1363 1157 dum

346 1181 444 1266 redit,
465 1183 530 1246 iam
562 1202 627 1246 non
655 1181 778 1246 directo
805 1181 872 1244 ictu
901 1181 956 1246 sed
986 1180 1128 1265 undique
1155 1202 1284 1246 uersum
1314 1182 1361 1245 in-

347 1270 447 1335 currit
485 1269 673 1334 liniamenta
705 1269 885 1351 simulacri,
916 1272 950 1333 et
982 1269 1029 1334 sic
1060 1271 1111 1351 fit,
1143 1273 1181 1334 ut
1211 1270 1362 1335 uideatur

320 1359 457 1446 rimago
489 1359 666 1442 archetypo
695 1380 753 1423 suo
782 1357 945 1445 grandior.
996 1380 1071 1423 uam
1104 1362 1137 1423 et
1165 1359 1244 1425 solis
1272 1358 1361 1424 orbis

347 1449 523 1513 matutinus
546 1449 644 1513 solito
668 1448 763 1513 uobis
787 1447 892 1513 maior
915 1451 1064 1533 apparet,
1092 1450 1169 1534 quia
1191 1448 1363 1515 interiacet

346 1538 514 1602 internos
543 1541 576 1603 et
603 1538 707 1621 ipsum
737 1559 792 1602 aer
819 1536 924 1602 adhuc
952 1538 991 1602 de
1018 1541 1114 1604 nocte
1141 1537 1301 1622 roscidus,
1329 1541 1363 1602 et

346 1627 531 1709 grandescit
566 1626 677 1711 imago
715 1626 783 1691 sius
821 1629 987 1709 tamquam
1023 1627 1058 1691 iu
1091 1649 1194 1712 aquae
1228 1626 1360 1711 speculo

346 1714 478 1779 uisatur.
525 1714 628 1798 ipsam
661 1736 739 1779 uero
772 1713 902 1778 uidendi
935 1718 1084 1779 usturam
1113 1737 1180 1780 non
1212 1714 1391 1789 insubide3

309 1829 332 1869 so
347 1804 540 1888 introspexit
556 1802 727 1889 Epicurus,
750 1803 840 1868 cuius
858 1803 894 1868 iu
913 1803 974 1870 hoc
992 1826 1059 1870 uon
1077 1809 1136 1887 ast,
1154 1808 1192 1868 ut
1214 1804 1361 1888 aestimo,

346 1892 550 1978 inprobanda
564 1892 726 1958 sententia
742 1892 962 1976 adstipulante
976 1895 1148 1978 praecipue
1162 1893 1361 1974 Democrito,

345 1983 421 2066 quia
449 1981 534 2047 sicut
565 1982 600 2046 iu
628 1982 742 2047 ceteris
771 1982 818 2046 ita
846 1985 880 2046 et
907 1981 942 2045 in
971 1982 1033 2047 hoc
1060 1982 1154 2065 paria
1182 1985 1361 2047 senserunt.

345 2091 422 2154 ergo
460 2075 570 2135 censet
600 2070 760 2155 Epicurus
799 2070 840 2133 ab
878 2070 1028 2135 omnibus
1066 2071 1254 2153 corporibus
1292 2070 1393 2154 iugi4

345 2157 446 2223 fluore
470 2159 642 2242 quaepiam
666 2158 840 2222 simulacra
862 2178 1004 2240 manare,
1027 2179 1086 2222 nec
1110 2181 1263 2241 umquam
1290 2162 1360 2222 tau-

308 2246 450 2309 rstulam
478 2267 603 2310 moram
630 2246 841 2326 interuenire,
873 2245 952 2329 quin
982 2246 1066 2309 ultra
1093 2246 1240 2310 ferantur
1271 2244 1361 2309 inani

347 2334 452 2418 figura
476 2333 684 2399 cohaerentes
715 2352 886 2417 corporum
911 2334 1059 2416 exuuiae,
1088 2357 1223 2418 quarum
1252 2355 1360 2419 racep-

347 2424 454 2488 tacula
482 2422 514 2486 iu
544 2423 664 2488 nostris
699 2421 799 2487 oculis
826 2425 915 2507 sunt,
943 2427 976 2487 ot
1002 2423 1073 2490 ideo
1102 2424 1142 2488 ad
1171 2422 1360 2508 deputatam

348 2512 410 2577 sibi
442 2517 602 2577 enatura
625 2512 732 2577 aedom
761 2513 883 2595 proprii
914 2534 1027 2578 sensus
1059 2519 1234 2579 recurrunt.
1279 2512 1360 2579 haec

349 2605 439 2685 suut,
472 2624 553 2686 quae
583 2603 634 2666 uir
666 2601 720 2666 ille
748 2606 991 2686 commemorat,
1020 2602 1137 2687 quibus
1161 2603 1189 2668 si
1217 2601 1360 2668 occurris

307 2709 334 2748 ²⁰
348 2691 477 2773 obuius,
500 2695 649 2775 expecto,
673 2691 749 2776 quid
772 2690 919 2755 rel'eros.'

436 2780 487 2844 Ad
517 2779 596 2845 haec
620 2779 768 2844 renidens
793 2778 986 2844 Eustathius
1011 2780 1060 2844 ‘iu
1088 2781 1262 2866 propatulo
1291 2779 1390 2852 est'5

348 2867 454 2950 iuquit
477 2867 579 2951 ‘quod
604 2867 730 2952 decepit
752 2867 937 2951 Epicurum.
983 2892 1002 2932 a
1032 2891 1110 2934 uero
1139 2870 1222 2934 enim
1248 2870 1359 2953 lapsus

348 2958 406 3038 est,
425 2955 564 3019 aliorum
579 2959 734 3039 quattuor
752 2976 904 3019 sensuum
924 2960 1053 3021 secutus
1072 2957 1266 3040 exemplum,
1285 2956 1361 3039 quia

348 3043 381 3106 iu
406 3042 566 3107 audiendo
589 3047 623 3107 et
645 3043 805 3127 gustando
830 3047 863 3108 et
886 3043 1051 3110 odorando
1075 3049 1173 3128 atqua
1197 3043 1360 3129 tangendo

309 3131 428 3194 surrilril
461 3153 479 3195 e
511 3131 607 3195 uobis
640 3131 833 3215 emittimus,
865 3134 921 3197 sed
950 3134 1148 3198 extrinsecus
1176 3132 1361 3217 accipimus,

348 3219 433 3304 quod
461 3241 591 3284 sonsum
619 3220 670 3285 sui
703 3224 840 3286 moueat.
888 3222 1006 3306 quippe
1034 3225 1068 3286 et
1096 3244 1159 3287 uox
1192 3221 1232 3286 ud
1266 3227 1391 3292 aures6

347 3310 434 3374 ultro
457 3309 562 3391 uenit,
589 3311 623 3373 ct
646 3331 743 3373 aurae
766 3309 801 3373 in
824 3330 917 3374 nares
941 3309 1094 3393 influunt,
1123 3313 1156 3373 et
1179 3311 1290 3394 palato
1313 3310 1361 3374 in·

348 3397 484 3481 geritur,
512 3399 597 3482 quod
622 3398 738 3483 gignat
761 3419 926 3480 saporem,
955 3405 988 3463 et
1015 3399 1141 3482 corpori
1170 3401 1284 3465 nostro
1308 3396 1361 3463 ad-

348 3486 510 3569 plicantur
533 3489 622 3552 tactu
646 3486 825 3552 sentienda.
870 3487 946 3551 hinc
969 3490 1114 3573 putauit,
1138 3490 1233 3552 etex
1257 3487 1361 3551 oculis

309 3573 428 3639 sonihil
456 3576 545 3639 soros
579 3575 754 3659 proficisci,
782 3574 837 3639 sed
866 3576 1026 3660 imagines
1055 3599 1162 3641 rerum
1190 3576 1222 3641 iu
1251 3575 1362 3641 oculos

348 3664 435 3727 ultro
455 3685 571 3728 meare.
607 3663 697 3728 cuius
717 3663 860 3747 opinioni
879 3669 1049 3750 repugnat,
1069 3665 1152 3751 quod
1173 3665 1206 3729 iu
1221 3664 1391 3750 speculis?

348 3750 457 3835 imago
491 3753 627 3816 aduersa
659 3751 947 3835 contemplatorem
981 3775 1075 3817 suum
1107 3753 1251 3835 respicit,
1287 3773 1360 3816 cum

349 3839 479 3922 debeat,
507 3839 535 3903 si
559 3840 689 3924 quidem
714 3863 734 3903 a
756 3840 851 3904 nobis
875 3845 947 3905 ortu
970 3845 1060 3907 recto
1083 3845 1194 3906 meatu
1216 3839 1360 3925 proticis-

347 3982 549 3990 *φα-φα-.-

419 4066 601 4140 turchetipo
620 4068 648 4120 P
732 4073 763 4121 11
783 4069 940 4140 rmpbandn
958 4070 986 4123 P
1071 4074 1103 4122 15
1122 4067 1198 4123 ultro
1218 4068 1245 4121 P
1328 4071 1361 4120 18

348 4138 383 4263 pp
401 4135 478 4264 gem
498 4143 562 4263 Pus
581 4139 703 4206 quotuor
723 4138 750 4193 P
839 4139 970 4208 sequutus
985 4141 1013 4194 P
1083 4146 1118 4194 28
1137 4138 1314 4208 applicantur
1335 4137 1363 4190 P
