<?xml version="1.0" encoding="UTF-8"?>
<!DOCTYPE html PUBLIC "-//W3C//DTD XHTML 1.0 Transitional//EN"
    "http://www.w3.org/TR/xhtml1/DTD/xhtml1-transitional.dtd">
<html xmlns="http://www.w3.org/1999/xhtml" xml:lang="en" lang="en">
 <head>
  <title>
</title>
<meta http-equiv="Content-Type" content="text/html;charset=utf-8" />
  <meta name='ocr-system' content='tesseract 3.04.00' />
  <meta name='ocr-capabilities' content='ocr_page ocr_carea ocr_par ocr_line ocrx_word'/>
</head>
<body>
  <div class='ocr_page' id='page_1' title='image "./macrobius00cicegoog_0057.png"; bbox 0 0 3322 5190; ppageno 0'>
   <div class='ocr_carea' id='block_1_1' title="bbox 330 813 948 877">
    <p class='ocr_par' dir='ltr' id='par_1_1' title="bbox 330 813 948 877">
     <span class='ocr_line' id='line_1_1' title="bbox 330 813 948 877; baseline -0.015 0"><span class='ocrx_word' id='word_1_1' title='bbox 330 813 375 877; x_wconf 80' lang='lat'>42</span> <span class='ocrx_word' id='word_1_2' title='bbox 722 814 799 871; x_wconf 76' lang='grc' dir='ltr'><strong>ΕΔΤ.</strong></span> <span class='ocrx_word' id='word_1_3' title='bbox 818 813 948 870; x_wconf 75' lang='lat' dir='ltr'>small</span> 
     </span>
    </p>
   </div>
   <div class='ocr_carea' id='block_1_2' title="bbox 278 975 1384 3693">
    <p class='ocr_par' dir='ltr' id='par_1_2' title="bbox 329 975 1384 1927">
     <span class='ocr_line' id='line_1_2' title="bbox 331 975 1342 1060; baseline 0.003 -22"><span class='ocrx_word' id='word_1_4' title='bbox 331 975 483 1040; x_wconf 86' lang='lat' dir='ltr'>Patrem</span> <span class='ocrx_word' id='word_1_5' title='bbox 509 977 601 1059; x_wconf 92' lang='lat' dir='ltr'>quasi</span> <span class='ocrx_word' id='word_1_6' title='bbox 629 976 760 1041; x_wconf 92' lang='lat' dir='ltr'>deorum</span> <span class='ocrx_word' id='word_1_7' title='bbox 789 977 898 1059; x_wconf 89' lang='lat' dir='ltr'>deum,</span> <span class='ocrx_word' id='word_1_8' title='bbox 925 975 1128 1040; x_wconf 91' lang='lat' dir='ltr'>Iunonium</span> <span class='ocrx_word' id='word_1_9' title='bbox 1155 977 1249 1060; x_wconf 88' lang='lat' dir='ltr'>quasi</span> <span class='ocrx_word' id='word_1_10' title='bbox 1277 998 1342 1041; x_wconf 90' lang='lat' dir='ltr'>uon</span> 
     </span>
     <span class='ocr_line' id='line_1_3' title="bbox 332 1062 1343 1147; baseline 0.002 -21"><span class='ocrx_word' id='word_1_11' title='bbox 332 1063 437 1127; x_wconf 92' lang='lat' dir='ltr'>solum</span> <span class='ocrx_word' id='word_1_12' title='bbox 462 1064 582 1126; x_wconf 79' lang='lat' dir='ltr'>mensis</span> <span class='ocrx_word' id='word_1_13' title='bbox 605 1062 748 1127; x_wconf 78' lang='lat' dir='ltr'>Ianuarii</span> <span class='ocrx_word' id='word_1_14' title='bbox 776 1064 831 1129; x_wconf 90' lang='lat' dir='ltr'>sed</span> <span class='ocrx_word' id='word_1_15' title='bbox 859 1063 1018 1127; x_wconf 78' lang='lat' dir='ltr'>mensium</span> <span class='ocrx_word' id='word_1_16' title='bbox 1047 1064 1191 1129; x_wconf 92' lang='lat' dir='ltr'>omnium</span> <span class='ocrx_word' id='word_1_17' title='bbox 1220 1065 1343 1147; x_wconf 81' lang='lat' dir='ltr'>ingres·</span> 
     </span>
     <span class='ocr_line' id='line_1_4' title="bbox 332 1151 1342 1217; baseline 0.001 -2"><span class='ocrx_word' id='word_1_18' title='bbox 332 1172 387 1215; x_wconf 93' lang='lat' dir='ltr'>sus</span> <span class='ocrx_word' id='word_1_19' title='bbox 411 1155 587 1215; x_wconf 88' lang='lat' dir='ltr'>tenentem:</span> <span class='ocrx_word' id='word_1_20' title='bbox 615 1151 648 1216; x_wconf 93' lang='lat' dir='ltr'>in</span> <span class='ocrx_word' id='word_1_21' title='bbox 677 1152 801 1216; x_wconf 91' lang='lat' dir='ltr'>dicione</span> <span class='ocrx_word' id='word_1_22' title='bbox 830 1157 938 1217; x_wconf 88' lang='lat' dir='ltr'>autem</span> <span class='ocrx_word' id='word_1_23' title='bbox 964 1151 1098 1216; x_wconf 91' lang='lat' dir='ltr'>lunonis</span> <span class='ocrx_word' id='word_1_24' title='bbox 1126 1157 1203 1216; x_wconf 87' lang='lat' dir='ltr'>sunt</span> <span class='ocrx_word' id='word_1_25' title='bbox 1229 1173 1342 1216; x_wconf 87' lang='lat' dir='ltr'>omues</span> 
     </span>
     <span class='ocr_line' id='line_1_5' title="bbox 331 1237 1343 1317; baseline 0.002 -14"><span class='ocrx_word' id='word_1_26' title='bbox 331 1238 505 1315; x_wconf 78' lang='lat' dir='ltr'>Kalendae,</span> <span class='ocrx_word' id='word_1_27' title='bbox 528 1237 612 1303; x_wconf 86' lang='lat' dir='ltr'>unde</span> <span class='ocrx_word' id='word_1_28' title='bbox 636 1245 669 1304; x_wconf 87' lang='lat' dir='ltr'>et</span> <span class='ocrx_word' id='word_1_29' title='bbox 691 1239 815 1306; x_wconf 74' lang='lat' dir='ltr'>Venno</span> <span class='ocrx_word' id='word_1_30' title='bbox 843 1257 948 1306; x_wconf 82' lang='lat' dir='ltr'>nruuo</span> <span class='ocrx_word' id='word_1_31' title='bbox 978 1257 1111 1317; x_wconf 74' lang='lat' dir='ltr'>evinco</span> <span class='ocrx_word' id='word_1_32' title='bbox 1134 1239 1261 1305; x_wconf 84' lang='lat' dir='ltr'>Rnnvu</span> <span class='ocrx_word' id='word_1_33' title='bbox 1285 1241 1343 1305; x_wconf 90' lang='lat' dir='ltr'>ui·</span> 
     </span>
     <span class='ocr_line' id='line_1_6' title="bbox 331 1327 1384 1414; baseline 0.001 -21"><span class='ocrx_word' id='word_1_34' title='bbox 331 1345 490 1394; x_wconf 70' lang='lat' dir='ltr'>vnum</span> <span class='ocrx_word' id='word_1_35' title='bbox 509 1327 622 1393; x_wconf 82' lang='lat' dir='ltr'>scribit</span> <span class='ocrx_word' id='word_1_36' title='bbox 642 1327 734 1395; x_wconf 91' lang='lat' dir='ltr'>Iano</span> <span class='ocrx_word' id='word_1_37' title='bbox 754 1328 951 1395; x_wconf 81' lang='lat' dir='ltr'>duodecim</span> <span class='ocrx_word' id='word_1_38' title='bbox 975 1351 1061 1394; x_wconf 86' lang='lat' dir='ltr'>aras</span> <span class='ocrx_word' id='word_1_39' title='bbox 1084 1351 1154 1414; x_wconf 87' lang='lat' dir='ltr'>pro</span> <span class='ocrx_word' id='word_1_40' title='bbox 1178 1329 1344 1394; x_wconf 88' lang='lat' dir='ltr'>totidem</span> <span class='ocrx_word' id='word_1_41' title='bbox 1371 1362 1384 1401; x_wconf 53' lang='grc' dir='ltr'><strong>μ</strong></span> 
     </span>
     <span class='ocr_line' id='line_1_7' title="bbox 331 1416 1342 1502; baseline 0.003 -22"><span class='ocrx_word' id='word_1_42' title='bbox 331 1418 526 1482; x_wconf 90' lang='lat' dir='ltr'>mansibus</span> <span class='ocrx_word' id='word_1_43' title='bbox 551 1417 763 1502; x_wconf 80' lang='lat' dir='ltr'>dedicates3</span> <span class='ocrx_word' id='word_1_44' title='bbox 787 1416 1011 1482; x_wconf 81' lang='lat' dir='ltr'>Oousiuium</span> <span class='ocrx_word' id='word_1_45' title='bbox 1041 1439 1061 1482; x_wconf 88' lang='lat' dir='ltr'>a</span> <span class='ocrx_word' id='word_1_46' title='bbox 1083 1418 1281 1483; x_wconf 87' lang='lat' dir='ltr'>conserendo</span> <span class='ocrx_word' id='word_1_47' title='bbox 1310 1418 1342 1483; x_wconf 93' lang='lat' dir='ltr'>id</span> 
     </span>
     <span class='ocr_line' id='line_1_8' title="bbox 331 1505 1343 1590; baseline 0.002 -22"><span class='ocrx_word' id='word_1_48' title='bbox 331 1508 382 1568; x_wconf 88' lang='lat' dir='ltr'>est</span> <span class='ocrx_word' id='word_1_49' title='bbox 409 1528 429 1569; x_wconf 92' lang='lat' dir='ltr'>a</span> <span class='ocrx_word' id='word_1_50' title='bbox 451 1505 629 1590; x_wconf 83' lang='lat' dir='ltr'>propagine</span> <span class='ocrx_word' id='word_1_51' title='bbox 658 1506 786 1590; x_wconf 81' lang='lat' dir='ltr'>generis</span> <span class='ocrx_word' id='word_1_52' title='bbox 813 1505 961 1588; x_wconf 85' lang='lat' dir='ltr'>humani,</span> <span class='ocrx_word' id='word_1_53' title='bbox 993 1527 1075 1589; x_wconf 86' lang='lat' dir='ltr'>quae</span> <span class='ocrx_word' id='word_1_54' title='bbox 1103 1506 1182 1571; x_wconf 91' lang='lat' dir='ltr'>Iano</span> <span class='ocrx_word' id='word_1_55' title='bbox 1210 1511 1343 1571; x_wconf 87' lang='lat' dir='ltr'>auctore</span> 
     </span>
     <span class='ocr_line' id='line_1_9' title="bbox 329 1593 1342 1679; baseline 0.001 -22"><span class='ocrx_word' id='word_1_56' title='bbox 329 1595 525 1678; x_wconf 88' lang='lat' dir='ltr'>conseritur,</span> <span class='ocrx_word' id='word_1_57' title='bbox 558 1593 758 1671; x_wconf 79' lang='lat' dir='ltr'>Quirinum</span> <span class='ocrx_word' id='word_1_58' title='bbox 790 1595 883 1678; x_wconf 89' lang='lat' dir='ltr'>quasi</span> <span class='ocrx_word' id='word_1_59' title='bbox 913 1593 1074 1658; x_wconf 92' lang='lat' dir='ltr'>bellorum</span> <span class='ocrx_word' id='word_1_60' title='bbox 1101 1598 1266 1679; x_wconf 87' lang='lat' dir='ltr'>potentem</span> <span class='ocrx_word' id='word_1_61' title='bbox 1301 1595 1342 1660; x_wconf 88' lang='lat' dir='ltr'>ab</span> 
     </span>
     <span class='ocr_line' id='line_1_10' title="bbox 330 1680 1343 1767; baseline 0.002 -21"><span class='ocrx_word' id='word_1_62' title='bbox 330 1683 458 1765; x_wconf 86' lang='lat' dir='ltr'>hasta,</span> <span class='ocrx_word' id='word_1_63' title='bbox 491 1704 588 1766; x_wconf 86' lang='lat' dir='ltr'>quarn</span> <span class='ocrx_word' id='word_1_64' title='bbox 621 1680 731 1748; x_wconf 83' lang='lat' dir='ltr'>Sabini</span> <span class='ocrx_word' id='word_1_65' title='bbox 762 1685 868 1748; x_wconf 90' lang='lat' dir='ltr'>curin</span> <span class='ocrx_word' id='word_1_66' title='bbox 900 1688 1031 1767; x_wconf 89' lang='lat' dir='ltr'>uocant,</span> <span class='ocrx_word' id='word_1_67' title='bbox 1063 1683 1279 1749; x_wconf 88' lang='lat' dir='ltr'>Petultium</span> <span class='ocrx_word' id='word_1_68' title='bbox 1309 1689 1343 1748; x_wconf 85' lang='lat' dir='ltr'>et</span> 
     </span>
     <span class='ocr_line' id='line_1_11' title="bbox 331 1767 1383 1858; baseline 0.007 -23"><span class='ocrx_word' id='word_1_69' title='bbox 331 1767 555 1855; x_wconf 78' lang='lat' dir='ltr'>Clusiuium,</span> <span class='ocrx_word' id='word_1_70' title='bbox 576 1771 653 1857; x_wconf 89' lang='lat' dir='ltr'>quia</span> <span class='ocrx_word' id='word_1_71' title='bbox 677 1771 763 1836; x_wconf 89' lang='lat' dir='ltr'>bello</span> <span class='ocrx_word' id='word_1_72' title='bbox 786 1772 896 1837; x_wconf 90' lang='lat' dir='ltr'>caulas</span> <span class='ocrx_word' id='word_1_73' title='bbox 920 1773 988 1836; x_wconf 90' lang='lat' dir='ltr'>cius</span> <span class='ocrx_word' id='word_1_74' title='bbox 1012 1775 1134 1858; x_wconf 88' lang='lat' dir='ltr'>petent,</span> <span class='ocrx_word' id='word_1_75' title='bbox 1155 1793 1235 1856; x_wconf 90' lang='lat' dir='ltr'>pace</span> <span class='ocrx_word' id='word_1_76' title='bbox 1254 1773 1340 1837; x_wconf 85' lang='lat' dir='ltr'>clau·</span> <span class='ocrx_word' id='word_1_77' title='bbox 1357 1804 1383 1842; x_wconf 83' lang='lat' dir='ltr'>ro</span> 
     </span>
     <span class='ocr_line' id='line_1_12' title="bbox 330 1858 1204 1927; baseline 0.003 -3"><span class='ocrx_word' id='word_1_78' title='bbox 330 1858 457 1925; x_wconf 88' lang='lat' dir='ltr'>duntur.</span> <span class='ocrx_word' id='word_1_79' title='bbox 503 1859 598 1925; x_wconf 83' lang='lat' dir='ltr'>liuius</span> <span class='ocrx_word' id='word_1_80' title='bbox 622 1865 731 1926; x_wconf 86' lang='lat' dir='ltr'>autem</span> <span class='ocrx_word' id='word_1_81' title='bbox 754 1861 801 1925; x_wconf 92' lang='lat' dir='ltr'>roi</span> <span class='ocrx_word' id='word_1_82' title='bbox 823 1860 903 1926; x_wconf 87' lang='lat' dir='ltr'>baec</span> <span class='ocrx_word' id='word_1_83' title='bbox 926 1884 1023 1927; x_wconf 84' lang='lat' dir='ltr'>ceusu</span> <span class='ocrx_word' id='word_1_84' title='bbox 1045 1866 1204 1927; x_wconf 88' lang='lat' dir='ltr'>uerratur.</span> 
     </span>
    </p>

    <p class='ocr_par' dir='ltr' id='par_1_3' title="bbox 279 1947 1381 2830">
     <span class='ocr_line' id='line_1_13' title="bbox 279 1947 1340 2036; baseline 0.003 -23"><span class='ocrx_word' id='word_1_85' title='bbox 279 1950 318 2017; x_wconf 78' lang='lat'>17</span> <span class='ocrx_word' id='word_1_86' title='bbox 423 1947 513 2015; x_wconf 80' lang='lat' dir='ltr'>(lum</span> <span class='ocrx_word' id='word_1_87' title='bbox 528 1949 632 2014; x_wconf 92' lang='lat' dir='ltr'>bollo</span> <span class='ocrx_word' id='word_1_88' title='bbox 648 1949 804 2035; x_wconf 83' lang='lat' dir='ltr'>Sabino,</span> <span class='ocrx_word' id='word_1_89' title='bbox 823 1950 919 2035; x_wconf 81' lang='lat' dir='ltr'>qrrod</span> <span class='ocrx_word' id='word_1_90' title='bbox 937 1950 1127 2035; x_wconf 80' lang='lat' dir='ltr'>uirginum</span> <span class='ocrx_word' id='word_1_91' title='bbox 1142 1953 1340 2036; x_wconf 84' lang='lat' dir='ltr'>ruptorum</span> 
     </span>
     <span class='ocr_line' id='line_1_14' title="bbox 330 2038 1340 2125; baseline 0.003 -22"><span class='ocrx_word' id='word_1_92' title='bbox 330 2040 459 2124; x_wconf 81' lang='lat' dir='ltr'>gratia</span> <span class='ocrx_word' id='word_1_93' title='bbox 486 2040 728 2104; x_wconf 84' lang='lat' dir='ltr'>corumissuru</span> <span class='ocrx_word' id='word_1_94' title='bbox 757 2044 828 2124; x_wconf 89' lang='lat' dir='ltr'>cst,</span> <span class='ocrx_word' id='word_1_95' title='bbox 862 2038 1020 2105; x_wconf 86' lang='lat' dir='ltr'>lloruani</span> <span class='ocrx_word' id='word_1_96' title='bbox 1049 2045 1212 2125; x_wconf 84' lang='lat' dir='ltr'>portam,</span> <span class='ocrx_word' id='word_1_97' title='bbox 1245 2063 1340 2125; x_wconf 71' lang='lat' dir='ltr'>(ptrue</span> 
     </span>
     <span class='ocr_line' id='line_1_15' title="bbox 329 2129 1341 2215; baseline 0.002 -21"><span class='ocrx_word' id='word_1_98' title='bbox 329 2130 399 2194; x_wconf 89' lang='lat' dir='ltr'>sub</span> <span class='ocrx_word' id='word_1_99' title='bbox 417 2129 614 2194; x_wconf 88' lang='lat' dir='ltr'>radicibus</span> <span class='ocrx_word' id='word_1_100' title='bbox 629 2130 743 2195; x_wconf 90' lang='lat' dir='ltr'>collis</span> <span class='ocrx_word' id='word_1_101' title='bbox 759 2130 966 2195; x_wconf 83' lang='lat' dir='ltr'>Viminalis</span> <span class='ocrx_word' id='word_1_102' title='bbox 981 2132 1078 2215; x_wconf 87' lang='lat' dir='ltr'>orat,</span> <span class='ocrx_word' id='word_1_103' title='bbox 1097 2154 1190 2214; x_wconf 89' lang='lat' dir='ltr'>quaa</span> <span class='ocrx_word' id='word_1_104' title='bbox 1205 2135 1341 2215; x_wconf 85' lang='lat' dir='ltr'>postea</span> 
     </span>
     <span class='ocr_line' id='line_1_16' title="bbox 329 2218 1381 2301; baseline 0.009 -21"><span class='ocrx_word' id='word_1_105' title='bbox 329 2238 377 2281; x_wconf 86' lang='lat' dir='ltr'>ex</span> <span class='ocrx_word' id='word_1_106' title='bbox 404 2221 543 2281; x_wconf 88' lang='lat' dir='ltr'>euentu</span> <span class='ocrx_word' id='word_1_107' title='bbox 567 2218 741 2283; x_wconf 87' lang='lat' dir='ltr'>Ionuelis</span> <span class='ocrx_word' id='word_1_108' title='bbox 769 2224 906 2283; x_wconf 87' lang='lat' dir='ltr'>uocata</span> <span class='ocrx_word' id='word_1_109' title='bbox 929 2223 999 2301; x_wconf 91' lang='lat' dir='ltr'>est,</span> <span class='ocrx_word' id='word_1_110' title='bbox 1027 2218 1204 2283; x_wconf 80' lang='lat' dir='ltr'>claudere</span> <span class='ocrx_word' id='word_1_111' title='bbox 1227 2219 1340 2283; x_wconf 86' lang='lat' dir='ltr'>festi·</span> <span class='ocrx_word' id='word_1_112' title='bbox 1356 2250 1381 2289; x_wconf 81' lang='lat' dir='ltr'>ra</span> 
     </span>
     <span class='ocr_line' id='line_1_17' title="bbox 328 2306 1340 2389; baseline 0.004 -22"><span class='ocrx_word' id='word_1_113' title='bbox 328 2309 480 2382; x_wconf 81' lang='lat' dir='ltr'>nerent,</span> <span class='ocrx_word' id='word_1_114' title='bbox 513 2306 602 2387; x_wconf 92' lang='lat' dir='ltr'>quia</span> <span class='ocrx_word' id='word_1_115' title='bbox 634 2306 671 2369; x_wconf 92' lang='lat' dir='ltr'>in</span> <span class='ocrx_word' id='word_1_116' title='bbox 705 2307 826 2388; x_wconf 87' lang='lat' dir='ltr'>ipsam</span> <span class='ocrx_word' id='word_1_117' title='bbox 859 2306 992 2370; x_wconf 90' lang='lat' dir='ltr'>hostes</span> <span class='ocrx_word' id='word_1_118' title='bbox 1022 2306 1199 2389; x_wconf 79' lang='lat' dir='ltr'>ruebant,</span> <span class='ocrx_word' id='word_1_119' title='bbox 1229 2312 1340 2388; x_wconf 88' lang='lat' dir='ltr'>post·</span> 
     </span>
     <span class='ocr_line' id='line_1_18' title="bbox 328 2391 1341 2477; baseline 0.004 -24"><span class='ocrx_word' id='word_1_120' title='bbox 328 2413 434 2474; x_wconf 88' lang='lat' dir='ltr'>quam</span> <span class='ocrx_word' id='word_1_121' title='bbox 467 2397 526 2454; x_wconf 87' lang='lat' dir='ltr'>cst</span> <span class='ocrx_word' id='word_1_122' title='bbox 557 2391 702 2474; x_wconf 86' lang='lat' dir='ltr'>clause,</span> <span class='ocrx_word' id='word_1_123' title='bbox 739 2413 822 2455; x_wconf 84' lang='lat' dir='ltr'>mox</span> <span class='ocrx_word' id='word_1_124' title='bbox 855 2396 996 2474; x_wconf 90' lang='lat' dir='ltr'>sponte</span> <span class='ocrx_word' id='word_1_125' title='bbox 1033 2393 1230 2473; x_wconf 73' lang='lat' dir='ltr'>patefacta</span> <span class='ocrx_word' id='word_1_126' title='bbox 1267 2399 1341 2477; x_wconf 87' lang='lat' dir='ltr'>est,</span> 
     </span>
     <span class='ocr_line' id='line_1_19' title="bbox 328 2478 1341 2563; baseline 0.003 -21"><span class='ocrx_word' id='word_1_127' title='bbox 328 2499 487 2563; x_wconf 91' lang='lat' dir='ltr'>cumque</span> <span class='ocrx_word' id='word_1_128' title='bbox 511 2479 651 2542; x_wconf 88' lang='lat' dir='ltr'>iterum</span> <span class='ocrx_word' id='word_1_129' title='bbox 675 2500 717 2543; x_wconf 93' lang='lat' dir='ltr'>ac</span> <span class='ocrx_word' id='word_1_130' title='bbox 740 2479 858 2542; x_wconf 88' lang='lat' dir='ltr'>tertio</span> <span class='ocrx_word' id='word_1_131' title='bbox 883 2478 981 2542; x_wconf 89' lang='lat' dir='ltr'>idem</span> <span class='ocrx_word' id='word_1_132' title='bbox 1005 2478 1252 2563; x_wconf 84' lang='lat' dir='ltr'>contigisset,</span> <span class='ocrx_word' id='word_1_133' title='bbox 1282 2502 1341 2545; x_wconf 89' lang='lat' dir='ltr'>ar-</span> 
     </span>
     <span class='ocr_line' id='line_1_20' title="bbox 328 2565 1340 2652; baseline 0.004 -23"><span class='ocrx_word' id='word_1_134' title='bbox 328 2567 421 2631; x_wconf 88' lang='lat' dir='ltr'>mati</span> <span class='ocrx_word' id='word_1_135' title='bbox 444 2565 602 2649; x_wconf 86' lang='lat' dir='ltr'>plurimi</span> <span class='ocrx_word' id='word_1_136' title='bbox 626 2588 693 2650; x_wconf 90' lang='lat' dir='ltr'>pro</span> <span class='ocrx_word' id='word_1_137' title='bbox 717 2566 865 2650; x_wconf 89' lang='lat' dir='ltr'>limine,</span> <span class='ocrx_word' id='word_1_138' title='bbox 893 2567 982 2650; x_wconf 90' lang='lat' dir='ltr'>quia</span> <span class='ocrx_word' id='word_1_139' title='bbox 1005 2566 1184 2631; x_wconf 87' lang='lat' dir='ltr'>claudere</span> <span class='ocrx_word' id='word_1_140' title='bbox 1206 2569 1340 2652; x_wconf 89' lang='lat' dir='ltr'>nequi-</span> 
     </span>
     <span class='ocr_line' id='line_1_21' title="bbox 328 2654 1380 2741; baseline 0.009 -23"><span class='ocrx_word' id='word_1_141' title='bbox 328 2655 432 2738; x_wconf 88' lang='lat' dir='ltr'>bant,</span> <span class='ocrx_word' id='word_1_142' title='bbox 460 2654 639 2719; x_wconf 84' lang='lat' dir='ltr'>custodes</span> <span class='ocrx_word' id='word_1_143' title='bbox 664 2659 871 2738; x_wconf 87' lang='lat' dir='ltr'>steterunt,</span> <span class='ocrx_word' id='word_1_144' title='bbox 894 2676 1052 2738; x_wconf 87' lang='lat' dir='ltr'>cumque</span> <span class='ocrx_word' id='word_1_145' title='bbox 1072 2656 1210 2721; x_wconf 84' lang='lat' dir='ltr'>exalia</span> <span class='ocrx_word' id='word_1_146' title='bbox 1230 2660 1380 2741; x_wconf 79' lang='lat' dir='ltr'>purtem</span> 
     </span>
     <span class='ocr_line' id='line_1_22' title="bbox 329 2742 1338 2830; baseline 0.004 -22"><span class='ocrx_word' id='word_1_147' title='bbox 329 2743 515 2808; x_wconf 87' lang='lat' dir='ltr'>acerrimo</span> <span class='ocrx_word' id='word_1_148' title='bbox 539 2742 688 2827; x_wconf 90' lang='lat' dir='ltr'>proelio</span> <span class='ocrx_word' id='word_1_149' title='bbox 713 2747 942 2828; x_wconf 86' lang='lat' dir='ltr'>certaretur,</span> <span class='ocrx_word' id='word_1_150' title='bbox 969 2744 1101 2809; x_wconf 91' lang='lat' dir='ltr'>subito</span> <span class='ocrx_word' id='word_1_151' title='bbox 1131 2745 1231 2811; x_wconf 84' lang='lat' dir='ltr'>lama</span> <span class='ocrx_word' id='word_1_152' title='bbox 1254 2768 1338 2830; x_wconf 87' lang='lat' dir='ltr'>per·</span> 
     </span>
    </p>

    <p class='ocr_par' dir='ltr' id='par_1_4' title="bbox 278 2831 1379 3693">
     <span class='ocr_line' id='line_1_23' title="bbox 278 2831 1337 2916; baseline 0.003 -18"><span class='ocrx_word' id='word_1_153' title='bbox 278 2832 417 2898; x_wconf 87' lang='lat' dir='ltr'>18tulit</span> <span class='ocrx_word' id='word_1_154' title='bbox 443 2831 551 2897; x_wconf 83' lang='lat' dir='ltr'>fusos</span> <span class='ocrx_word' id='word_1_155' title='bbox 576 2854 596 2897; x_wconf 89' lang='lat' dir='ltr'>e</span> <span class='ocrx_word' id='word_1_156' title='bbox 618 2831 730 2897; x_wconf 80' lang='lat' dir='ltr'>&#39;Pelio</span> <span class='ocrx_word' id='word_1_157' title='bbox 760 2839 925 2898; x_wconf 90' lang='lat' dir='ltr'>nostros.</span> <span class='ocrx_word' id='word_1_158' title='bbox 971 2854 1082 2916; x_wconf 89' lang='lat' dir='ltr'>quam</span> <span class='ocrx_word' id='word_1_159' title='bbox 1109 2835 1156 2898; x_wconf 91' lang='lat' dir='ltr'>ob</span> <span class='ocrx_word' id='word_1_160' title='bbox 1185 2857 1337 2901; x_wconf 84' lang='lat' dir='ltr'>causam</span> 
     </span>
     <span class='ocr_line' id='line_1_24' title="bbox 328 2920 1337 3007; baseline 0.005 -24"><span class='ocrx_word' id='word_1_161' title='bbox 328 2920 501 3003; x_wconf 85' lang='lat' dir='ltr'>Romani,</span> <span class='ocrx_word' id='word_1_162' title='bbox 539 2921 603 3006; x_wconf 91' lang='lat' dir='ltr'>qui</span> <span class='ocrx_word' id='word_1_163' title='bbox 640 2921 786 2986; x_wconf 87' lang='lat' dir='ltr'>aditum</span> <span class='ocrx_word' id='word_1_164' title='bbox 823 2922 1048 3001; x_wconf 87' lang='lat' dir='ltr'>tuebantur,</span> <span class='ocrx_word' id='word_1_165' title='bbox 1085 2923 1215 2987; x_wconf 83' lang='lat' dir='ltr'>territi</span> <span class='ocrx_word' id='word_1_166' title='bbox 1251 2946 1337 3007; x_wconf 86' lang='lat' dir='ltr'>pro-</span> 
     </span>
     <span class='ocr_line' id='line_1_25' title="bbox 328 3007 1336 3093; baseline 0.006 -24"><span class='ocrx_word' id='word_1_167' title='bbox 328 3008 518 3091; x_wconf 82' lang='lat' dir='ltr'>fugerunt.</span> <span class='ocrx_word' id='word_1_168' title='bbox 556 3031 714 3093; x_wconf 86' lang='lat' dir='ltr'>cumque</span> <span class='ocrx_word' id='word_1_169' title='bbox 734 3007 867 3074; x_wconf 88' lang='lat' dir='ltr'>Sabini</span> <span class='ocrx_word' id='word_1_170' title='bbox 887 3031 953 3093; x_wconf 92' lang='lat' dir='ltr'>per</span> <span class='ocrx_word' id='word_1_171' title='bbox 973 3014 1122 3093; x_wconf 88' lang='lat' dir='ltr'>portam</span> <span class='ocrx_word' id='word_1_172' title='bbox 1140 3015 1336 3092; x_wconf 85' lang='lat' dir='ltr'>patentem</span> 
     </span>
     <span class='ocr_line' id='line_1_26' title="bbox 328 3096 1378 3181; baseline 0.008 -23"><span class='ocrx_word' id='word_1_173' title='bbox 328 3096 524 3178; x_wconf 88' lang='lat' dir='ltr'>inrupturi</span> <span class='ocrx_word' id='word_1_174' title='bbox 552 3101 695 3178; x_wconf 91' lang='lat' dir='ltr'>esseut,</span> <span class='ocrx_word' id='word_1_175' title='bbox 722 3098 825 3161; x_wconf 86' lang='lat' dir='ltr'>fertur</span> <span class='ocrx_word' id='word_1_176' title='bbox 852 3118 896 3161; x_wconf 85' lang='lat' dir='ltr'>ex</span> <span class='ocrx_word' id='word_1_177' title='bbox 924 3096 1014 3160; x_wconf 89' lang='lat' dir='ltr'>aede</span> <span class='ocrx_word' id='word_1_178' title='bbox 1042 3096 1125 3160; x_wconf 90' lang='lat' dir='ltr'>Iani</span> <span class='ocrx_word' id='word_1_179' title='bbox 1153 3120 1218 3181; x_wconf 92' lang='lat' dir='ltr'>per</span> <span class='ocrx_word' id='word_1_180' title='bbox 1240 3098 1378 3167; x_wconf 77' lang='lat' dir='ltr'>hences</span> 
     </span>
     <span class='ocr_line' id='line_1_27' title="bbox 327 3184 1339 3268; baseline 0.006 -23"><span class='ocrx_word' id='word_1_181' title='bbox 327 3188 478 3267; x_wconf 89' lang='lat' dir='ltr'>portam</span> <span class='ocrx_word' id='word_1_182' title='bbox 501 3204 675 3268; x_wconf 84' lang='lat' dir='ltr'>maguam</span> <span class='ocrx_word' id='word_1_183' title='bbox 699 3185 774 3248; x_wconf 92' lang='lat' dir='ltr'>uim</span> <span class='ocrx_word' id='word_1_184' title='bbox 798 3185 1029 3249; x_wconf 86' lang='lat' dir='ltr'>torrentium</span> <span class='ocrx_word' id='word_1_185' title='bbox 1054 3184 1165 3249; x_wconf 92' lang='lat' dir='ltr'>undis</span> <span class='ocrx_word' id='word_1_186' title='bbox 1188 3192 1339 3251; x_wconf 86' lang='lat' dir='ltr'>scaten-</span> 
     </span>
     <span class='ocr_line' id='line_1_28' title="bbox 327 3271 1339 3357; baseline 0.006 -23"><span class='ocrx_word' id='word_1_187' title='bbox 327 3271 431 3336; x_wconf 90' lang='lat' dir='ltr'>tibus</span> <span class='ocrx_word' id='word_1_188' title='bbox 451 3272 625 3355; x_wconf 93' lang='lat' dir='ltr'>erupisse</span> <span class='ocrx_word' id='word_1_189' title='bbox 644 3272 861 3357; x_wconf 89' lang='lat' dir='ltr'>multasque</span> <span class='ocrx_word' id='word_1_190' title='bbox 883 3273 1140 3357; x_wconf 90' lang='lat' dir='ltr'>perduellium</span> <span class='ocrx_word' id='word_1_191' title='bbox 1160 3279 1339 3340; x_wconf 87' lang='lat' dir='ltr'>cateruas</span> 
     </span>
     <span class='ocr_line' id='line_1_29' title="bbox 328 3361 1338 3447; baseline 0.002 -22"><span class='ocrx_word' id='word_1_192' title='bbox 328 3364 392 3425; x_wconf 85' lang='lat' dir='ltr'>aut</span> <span class='ocrx_word' id='word_1_193' title='bbox 420 3367 575 3425; x_wconf 83' lang='lat' dir='ltr'>exustas</span> <span class='ocrx_word' id='word_1_194' title='bbox 603 3361 772 3426; x_wconf 86' lang='lat' dir='ltr'>feruenti</span> <span class='ocrx_word' id='word_1_195' title='bbox 797 3367 862 3426; x_wconf 88' lang='lat' dir='ltr'>aut</span> <span class='ocrx_word' id='word_1_196' title='bbox 885 3362 1091 3427; x_wconf 81' lang='lat' dir='ltr'>decoratas</span> <span class='ocrx_word' id='word_1_197' title='bbox 1115 3363 1250 3447; x_wconf 85' lang='lat' dir='ltr'>rapida</span> <span class='ocrx_word' id='word_1_198' title='bbox 1274 3385 1338 3428; x_wconf 93' lang='lat' dir='ltr'>uo·</span> 
     </span>
     <span class='ocr_line' id='line_1_30' title="bbox 327 3449 1338 3536; baseline 0.004 -23"><span class='ocrx_word' id='word_1_199' title='bbox 327 3449 461 3533; x_wconf 79' lang='lat' dir='ltr'>regine</span> <span class='ocrx_word' id='word_1_200' title='bbox 486 3449 690 3533; x_wconf 89' lang='lat' dir='ltr'>deperisse.</span> <span class='ocrx_word' id='word_1_201' title='bbox 729 3472 767 3515; x_wconf 86' lang='lat' dir='ltr'>ee</span> <span class='ocrx_word' id='word_1_202' title='bbox 790 3473 823 3515; x_wconf 89' lang='lat' dir='ltr'>re</span> <span class='ocrx_word' id='word_1_203' title='bbox 847 3452 1013 3535; x_wconf 87' lang='lat' dir='ltr'>placitum,</span> <span class='ocrx_word' id='word_1_204' title='bbox 1036 3455 1073 3516; x_wconf 93' lang='lat' dir='ltr'>ut</span> <span class='ocrx_word' id='word_1_205' title='bbox 1095 3451 1171 3515; x_wconf 88' lang='lat' dir='ltr'>belli</span> <span class='ocrx_word' id='word_1_206' title='bbox 1191 3455 1338 3536; x_wconf 88' lang='lat' dir='ltr'>tempore</span> 
     </span>
     <span class='ocr_line' id='line_1_31' title="bbox 327 3538 1379 3624; baseline 0.002 -24"><span class='ocrx_word' id='word_1_207' title='bbox 327 3539 417 3603; x_wconf 92' lang='lat' dir='ltr'>uelut</span> <span class='ocrx_word' id='word_1_208' title='bbox 435 3538 474 3603; x_wconf 89' lang='lat' dir='ltr'>ad</span> <span class='ocrx_word' id='word_1_209' title='bbox 493 3538 582 3603; x_wconf 92' lang='lat' dir='ltr'>urbis</span> <span class='ocrx_word' id='word_1_210' title='bbox 602 3540 757 3604; x_wconf 87' lang='lat' dir='ltr'>auxilium</span> <span class='ocrx_word' id='word_1_211' title='bbox 774 3540 920 3624; x_wconf 86' lang='lat' dir='ltr'>profecto</span> <span class='ocrx_word' id='word_1_212' title='bbox 935 3539 993 3604; x_wconf 90' lang='lat' dir='ltr'>deo</span> <span class='ocrx_word' id='word_1_213' title='bbox 1009 3540 1094 3605; x_wconf 87' lang='lat' dir='ltr'>fores</span> <span class='ocrx_word' id='word_1_214' title='bbox 1110 3546 1338 3607; x_wconf 87' lang='lat' dir='ltr'>reserarentur.</span> <span class='ocrx_word' id='word_1_215' title='bbox 1351 3560 1379 3602; x_wconf 79' lang='lat' dir='ltr'>ao</span> 
     </span>
     <span class='ocr_line' id='line_1_32' title="bbox 327 3626 578 3693; baseline 0.012 -3"><span class='ocrx_word' id='word_1_216' title='bbox 327 3626 405 3692; x_wconf 88' lang='lat' dir='ltr'>haec</span> <span class='ocrx_word' id='word_1_217' title='bbox 428 3627 467 3692; x_wconf 89' lang='lat' dir='ltr'>de</span> <span class='ocrx_word' id='word_1_218' title='bbox 490 3626 578 3693; x_wconf 85' lang='lat' dir='ltr'>Iano.</span> 
     </span>
    </p>
   </div>
   <div class='ocr_carea' id='block_1_3' title="bbox 324 3822 1338 4105">
    <p class='ocr_par' dir='ltr' id='par_1_5' title="bbox 324 3822 1338 4105">
     <span class='ocr_line' id='line_1_33' title="bbox 396 3822 1337 3894; baseline 0.004 -20"><span class='ocrx_word' id='word_1_219' title='bbox 396 3827 556 3877; x_wconf 79' lang='lat' dir='ltr'>2omurum</span> <span class='ocrx_word' id='word_1_220' title='bbox 580 3823 714 3877; x_wconf 84' lang='lat' dir='ltr'>meusium</span> <span class='ocrx_word' id='word_1_221' title='bbox 736 3822 841 3893; x_wconf 77' lang='lat' dir='ltr'>grclsul</span> <span class='ocrx_word' id='word_1_222' title='bbox 856 3825 1001 3892; x_wconf 82' lang='lat' dir='ltr'>regentem</span> <span class='ocrx_word' id='word_1_223' title='bbox 1021 3822 1049 3876; x_wconf 90' lang='lat' dir='ltr'><strong><em>P</em></strong></span> <span class='ocrx_word' id='word_1_224' title='bbox 1117 3824 1284 3878; x_wconf 69' lang='lat' dir='ltr'>tradicioul</span> <span class='ocrx_word' id='word_1_225' title='bbox 1303 3824 1337 3894; x_wconf 88' lang='lat' dir='ltr'>P,</span> 
     </span>
     <span class='ocr_line' id='line_1_34' title="bbox 325 3892 1338 3964; baseline 0.007 -21"><span class='ocrx_word' id='word_1_226' title='bbox 325 3908 355 3943; x_wconf 84' lang='lat' dir='ltr'>ru</span> <span class='ocrx_word' id='word_1_227' title='bbox 373 3892 481 3947; x_wconf 80' lang='lat' dir='ltr'>drtiouc</span> <span class='ocrx_word' id='word_1_228' title='bbox 499 3894 526 3947; x_wconf 86' lang='grc' dir='ltr'><strong><em>Β</em></strong></span> <span class='ocrx_word' id='word_1_229' title='bbox 579 3896 781 3950; x_wconf 69' lang='lat' dir='ltr'>antemurali</span> <span class='ocrx_word' id='word_1_230' title='bbox 835 3893 1023 3960; x_wconf 71' lang='lat' dir='ltr'>tQuuuurum</span> <span class='ocrx_word' id='word_1_231' title='bbox 1038 3895 1098 3949; x_wconf 88' lang='lat' dir='ltr'>BP</span> <span class='ocrx_word' id='word_1_232' title='bbox 1150 3896 1338 3964; x_wconf 77' lang='lat' dir='ltr'>tlpululcrum</span> 
     </span>
     <span class='ocr_line' id='line_1_35' title="bbox 324 3962 1337 4031; baseline 0.008 -18"><span class='ocrx_word' id='word_1_233' title='bbox 324 3962 353 4013; x_wconf 93' lang='lat' dir='ltr'><em>P</em></span> <span class='ocrx_word' id='word_1_234' title='bbox 405 3970 439 4018; x_wconf 89' lang='lat'>10</span> <span class='ocrx_word' id='word_1_235' title='bbox 454 3963 518 4031; x_wconf 79' lang='lat' dir='ltr'>cuul</span> <span class='ocrx_word' id='word_1_236' title='bbox 553 3968 580 4020; x_wconf 90' lang='lat' dir='ltr'><em>B</em></span> <span class='ocrx_word' id='word_1_237' title='bbox 636 3972 668 4019; x_wconf 81' lang='lat'>13</span> <span class='ocrx_word' id='word_1_238' title='bbox 684 3962 906 4020; x_wconf 63' lang='lat' dir='ltr'>cummrll&#39;uml!</span> <span class='ocrx_word' id='word_1_239' title='bbox 964 3971 996 4017; x_wconf 74' lang='lat'>14</span> <span class='ocrx_word' id='word_1_240' title='bbox 1011 3965 1100 4020; x_wconf 82' lang='lat' dir='ltr'>coluri</span> <span class='ocrx_word' id='word_1_241' title='bbox 1111 3965 1146 4020; x_wconf 73' lang='lat' dir='ltr'><em>R</em></span> <span class='ocrx_word' id='word_1_242' title='bbox 1203 3970 1337 4021; x_wconf 85' lang='lat' dir='ltr'>lteuulu</span> 
     </span>
     <span class='ocr_line' id='line_1_36' title="bbox 324 3984 1337 4105; baseline 0.009 -22"><span class='ocrx_word' id='word_1_243' title='bbox 324 4028 359 4083; x_wconf 81' lang='lat' dir='ltr'>B‘</span> <span class='ocrx_word' id='word_1_244' title='bbox 430 4042 461 4088; x_wconf 86' lang='lat' dir='ltr'>1a</span> <span class='ocrx_word' id='word_1_245' title='bbox 481 3984 608 4090; x_wconf 68' lang='lat' dir='ltr'>holtrbul</span> <span class='ocrx_word' id='word_1_246' title='bbox 623 4034 658 4090; x_wconf 79' lang='lat' dir='ltr'>Bl</span> <span class='ocrx_word' id='word_1_247' title='bbox 728 4042 760 4091; x_wconf 79' lang='lat'>19</span> <span class='ocrx_word' id='word_1_248' title='bbox 780 4034 967 4104; x_wconf 80' lang='lat' dir='ltr'>nequibatF</span> <span class='ocrx_word' id='word_1_249' title='bbox 1035 4041 1067 4089; x_wconf 76' lang='lat'>21</span> <span class='ocrx_word' id='word_1_250' title='bbox 1088 4036 1194 4105; x_wconf 80' lang='lat' dir='ltr'>praelio</span> <span class='ocrx_word' id='word_1_251' title='bbox 1215 4037 1242 4090; x_wconf 92' lang='lat' dir='ltr'><em>P</em></span> <span class='ocrx_word' id='word_1_252' title='bbox 1301 4044 1337 4092; x_wconf 76' lang='lat'>22</span> 
     </span>
    </p>
   </div>
   <div class='ocr_carea' id='block_1_4' title="bbox 324 4101 1337 4226">
    <p class='ocr_par' dir='ltr' id='par_1_6' title="bbox 324 4101 1337 4226">
     <span class='ocr_line' id='line_1_37' title="bbox 324 4101 1337 4226; baseline 0.008 -73"><span class='ocrx_word' id='word_1_253' title='bbox 324 4103 412 4226; x_wconf 45' lang='lat' dir='ltr'>{aller}</span> <span class='ocrx_word' id='word_1_254' title='bbox 419 4104 447 4157; x_wconf 94' lang='lat' dir='ltr'><em>P</em></span> <span class='ocrx_word' id='word_1_255' title='bbox 499 4107 758 4175; x_wconf 78' lang='lat' dir='ltr'>2orrrupturrb1&#39;,</span> <span class='ocrx_word' id='word_1_256' title='bbox 813 4105 880 4159; x_wconf 81' lang='lat' dir='ltr'>effst</span> <span class='ocrx_word' id='word_1_257' title='bbox 898 4101 933 4159; x_wconf 88' lang='lat' dir='ltr'>B&#39;</span> <span class='ocrx_word' id='word_1_258' title='bbox 989 4104 1087 4159; x_wconf 85' lang='lat' dir='ltr'>exledc</span> <span class='ocrx_word' id='word_1_259' title='bbox 1106 4106 1166 4159; x_wconf 90' lang='lat' dir='ltr'>BP</span> <span class='ocrx_word' id='word_1_260' title='bbox 1218 4112 1252 4162; x_wconf 78' lang='lat'>28</span> <span class='ocrx_word' id='word_1_261' title='bbox 1272 4124 1337 4161; x_wconf 83' lang='lat' dir='ltr'>exu-</span> 
     </span>
    </p>
   </div>
   <div class='ocr_carea' id='block_1_5' title="bbox 0 0 1666 5190">
    <p class='ocr_par' dir='ltr' id='par_1_7' title="bbox 0 0 1666 5190">
     <span class='ocr_line' id='line_1_38' title="bbox 0 0 1666 5190; baseline 0 2"><span class='ocrx_word' id='word_1_262' title='bbox 0 0 1666 5190; x_wconf 95' lang='lat' dir='ltr'> </span> 
     </span>
    </p>
   </div>
  </div>
 </body>
</html>
