3322 5190
668 871 694 924 11
712 875 801 925 2-10
1178 867 1242 934 165

233 1033 308 1099 haec
330 1055 397 1100 uox
420 1033 553 1119 propria
575 1053 742 1099 sacrorum
766 1033 826 1115 esi,
849 1035 997 1098 atreus
1020 1032 1163 1116 uocetur,
1189 1031 1246 1117 qui

235 1126 379 1209 suscepto
393 1126 471 1189 uoto
489 1121 730 1188 conaminibus
749 1120 884 1208 obligat,
904 1120 1107 1187 damnatus
1127 1123 1246 1201 autem,

236 1214 284 1298 qui
307 1212 471 1297 promissa
494 1215 573 1277 usia
595 1213 661 1276 iam
685 1211 793 1277 saluii
846 1211 901 1276 sed
926 1210 965 1275 de
989 1211 1051 1275 hoc
1073 1233 1138 1276 nou
1163 1231 1245 1294 opus

237 1305 279 1366 esi
305 1324 325 1366 a
348 1324 400 1366 me
423 1303 518 1387 plura
541 1300 694 1386 proferri,
725 1322 797 1366 curu
822 1301 873 1364 uir
896 1300 1103 1365 doctissimus
1126 1299 1244 1364 Eusta-

214 1391 319 1457 sihius
341 1391 441 1476 paulo
464 1393 541 1455 auia
564 1390 650 1456 hanc
673 1392 800 1475 partem
823 1390 951 1475 plenius
975 1393 1146 1455 exsecutus
1170 1386 1223 1454 sii.

315 1479 379 1545 Est
408 1479 606 1566 profundam
638 1480 807 1545 scientiam
842 1479 937 1544 huius
969 1483 1084 1564 poetae
1114 1479 1148 1543 in
1178 1479 1274 1543 uuo'i

235 1592 323 1654 saepe
355 1571 497 1654 reperire
529 1570 644 1654 uerbo,
681 1569 768 1654 quod
800 1567 936 1635 fortuito
970 1568 1092 1634 dicium
1125 1568 1243 1654 uulgus

236 1662 366 1742 putaret
411 1657 625 1724 multifariam
654 1659 739 1723 euim
764 1658 917 1743 legimus,
945 1659 1031 1744 quod
1055 1659 1151 1723 litare
1174 1657 1245 1723 sola

237 1769 295 1813 nou
314 1748 418 1831 possit
437 1748 553 1829 oratio,
576 1747 640 1811 uisi
664 1750 701 1811 ui
723 1747 761 1829 is,
785 1747 840 1830 qui
863 1746 940 1812 deos
965 1748 1123 1830 precatur,
1146 1745 1245 1809 eiiam

207 1858 321 1901 isaram
343 1837 495 1901 manibus
519 1835 747 1921 adprehendat.
792 1835 867 1900 inde
890 1834 1016 1899 Vsuuo
1040 1833 1276 1899 Drvrusauu8

237 1942 334 1992 affluo
350 1943 483 2003 Qvlrsro
497 1924 576 1990 dicii
590 1946 679 1989 aras
694 1924 856 2007 primum
876 1946 962 1989 asas
982 1924 1121 2004 dietas,
1146 1921 1245 2007 quod

237 2018 333 2079 esset
351 2013 612 2079 necessarium
633 2035 653 2077 a
672 2011 997 2078 sacrificantibus
1016 2035 1079 2077 eas
1104 2010 1245 2090 teneri,

237 2102 334 2166 ausis
365 2105 491 2166 autem
523 2101 647 2165 teneri
678 2101 803 2164 solere
827 2123 921 2165 uasa
952 2101 1038 2185 quis
1068 2097 1245 2163 dubitet?

237 2190 534 2253 commutatione
558 2209 651 2274 ergo
675 2188 897 2253 litterarum
921 2210 1009 2252 aras
1033 2186 1108 2252 dici
1132 2207 1243 2269 coep-

206 2279 303 2357 utas,
333 2280 375 2341 ui
398 2276 575 2341 Valesius
605 2280 643 2340 et
672 2275 808 2340 Fusios
838 2275 966 2341 dictos
994 2274 1115 2360 prius,
1144 2294 1244 2338 nunc

235 2363 406 2431 Valerios
440 2369 479 2431 ei
506 2363 642 2430 Furios
675 2363 758 2431 dici.
813 2364 893 2431 haec
923 2366 1034 2430 omnia
1060 2363 1118 2429 illo
1146 2364 1273 2430 uersu9

236 2459 327 2542 posia
351 2457 521 2522 exsecutus
545 2459 595 2521 esi

277 2583 396 2648 talibus
421 2584 568 2648 orantem
592 2581 687 2647 dictis
712 2602 848 2666 arasque
871 2584 1035 2646 wusniem

277 2671 380 2736 audiit
402 2672 617 2756 omnipotens.

203 2814 338 2859 aucune
357 2815 395 2859 eo
414 2793 560 2858 additum
580 2793 762 2876 credideris,
785 2813 850 2858 uon
875 2792 953 2877 quia
975 2793 1092 2857 arabat
1116 2794 1244 2857 iunium

235 2881 288 2945 sed
307 2882 385 2965 quia
403 2886 437 2946 ei
455 2903 527 2946 aras
551 2881 692 2964 tenebat,
716 2880 884 2945 audiium‘?
929 2901 989 2944 nec
1012 2902 1076 2945 nou
1101 2902 1173 2944 cum
1197 2879 1245 2943 aii

276 3003 397 3067 talibus
422 3003 538 3068 orabat
560 3003 657 3069 (liciis
681 3024 820 3088 arasque
844 3002 986 3068 tenebat.

234 3125 309 3190 iiem

275 3253 376 3337 tango
399 3272 481 3336 aras,
511 3250 633 3317 medios
656 3251 750 3336 ignes
774 3274 813 3318 cc
835 3251 972 3316 numina
993 3254 1111 3328 iesior,

200 3399 224 3439 rs
235 3373 365 3439 eandem
389 3375 456 3439 uim
479 3374 620 3441 nominis
644 3397 684 3440 ex
708 3375 922 3460 adprensione
946 3373 1115 3462 significat.

320 3463 408 3530 idem
424 3468 522 3549 posia
540 3469 609 3530 iam
629 3465 766 3531 scientia
780 3466 961 3552 profundus
977 3487 1074 3551 quarn
1090 3485 1245 3530 amoenus
1258 3463 1299 3529 10

235 3553 361 3639 ingenio
389 3576 456 3619 nou
483 3555 573 3620 nulla
597 3555 637 3620 de
659 3557 825 3621 ueteribus
849 3556 972 3639 uerbis,
1003 3575 1084 3640 quae
1109 3553 1149 3618 ad
1173 3576 1245 3638 pro·

304 3728 424 3784 18Aen.
444 3727 566 3782 1111219
622 3734 656 3783 22
676 3728 713 3783 ib.
733 3727 771 3783 Vl
791 3733 843 3783 124
897 3735 932 3782 21
951 3728 988 3783 ib.
1008 3727 1060 3781 XII
1079 3733 1130 3782 201

234 3828 418 3839 ——-.----
423 3830 442 3838 -

303 3884 479 3940 licerarum
502 3886 530 3940 13
620 3884 803 3955 2dapuaiuf
821 3887 850 3941 P
938 3891 1006 3941 ura
1029 3888 1062 3942 in
1083 3901 1138 3940 raa
1161 3885 1193 3939 ia
1220 3884 1247 3938 P

235 3961 250 4009 1
265 3956 391 4031 aerem
410 3957 468 4012 BP
534 3954 738 4026 sextaquutur
754 3958 783 4011 P
854 3956 996 4014 'Idrcir'rs
1015 3958 1044 4012 P
1111 3955 1244 4010 smulh·

234 4027 318 4082 ianae
335 4045 406 4084 corr.
424 4029 457 4083 ia
474 4026 629 4082 melisiane
647 4028 675 4082 Β
729 4026 791 4083 eu
805 4045 856 4084 aas.
872 4027 908 4083 Β
965 4033 998 4083 10
1013 4026 1207 4100 apprehensae
1220 4024 1249 4080 P

237 4102 266 4153 14
284 4098 382 4172 cepisi
396 4098 425 4153 P
487 4103 519 4153 16
539 4099 568 4153 ei
585 4097 683 4154 Fufioi
698 4131 731 4140 -
753 4106 785 4153 16
806 4099 936 4154 Valerios
951 4116 1002 4156 am.
1023 4101 1052 4154 P
1119 4102 1151 4153 16
1170 4114 1245 4151 nuuc

236 4167 353 4252 calenas
368 4169 402 4224 R
460 4176 492 4225 1⁷
512 4168 680 4238 exsequntur
697 4171 724 4224 P
776 4176 812 4224 20
830 4170 940 4225 adrium
960 4167 993 4225 B‘
1051 4175 1086 4225 24
1105 4170 1192 4239 sanga
1209 4164 1244 4222 Ρ

235 4256 342 4312 igarsp
395 4246 430 4296 26
449 4239 638 4313 &phennena
657 4242 685 4296 B
740 4247 775 4297 16
793 4241 911 4317 amenus
925 4242 954 4298 P
