3322 5190
324 811 388 874 136
711 807 786 865 SAT.
807 807 904 862 LIBRI
923 807 949 862 11

325 974 474 1041 iacientie
507 973 548 1037 ad
579 971 735 1056 pudorem
769 991 806 1035 ae
834 969 1025 1036 modestiam
1058 992 1171 1037 uersus
1203 974 1339 1038 imitata.

275 1061 406 1128 thaeo
433 1083 485 1126 res
514 1064 548 1124 et
574 1082 652 1125 eure
679 1064 712 1124 et
739 1058 846 1124 studio
875 1058 973 1144 digne
998 1058 1163 1125 ueteribus
1187 1061 1259 1126 uisa
1282 1065 1339 1128 est.

327 1153 360 1216 et
377 1153 444 1216 iam
460 1150 602 1233 primum
617 1146 842 1212 animaduerto
857 1146 947 1229 duos,
961 1168 1042 1230 quoe
1057 1147 1340 1232 eloquentissimos

327 1239 462 1321 antiqua
489 1239 577 1300 aetas
606 1235 696 1314 tulit,
724 1234 880 1299 eomioum
907 1232 1087 1299 Plautum
1120 1240 1152 1299 et
1180 1242 1341 1302 oratorem

327 1325 511 1408 Tullium,
538 1345 593 1389 eos
621 1322 735 1388 ambos
768 1323 865 1387 etism
893 1321 934 1386 ad
963 1323 1107 1387 iocorum
1135 1330 1341 1390 uenustatem
1368 1352 1380 1390 a

276 1412 315 1474 ll
328 1415 445 1480 ceteris
468 1413 681 1496 praestitisse.
718 1410 851 1475 Plautus
871 1409 1000 1495 quidem
1020 1432 1058 1474 ea
1081 1433 1116 1475 re
1138 1413 1244 1477 clarus
1269 1412 1341 1491 fuit,

327 1506 364 1568 ut
393 1507 468 1585 post
495 1504 633 1565 mortem
663 1499 732 1563 eius
760 1497 956 1580 comoediae,
985 1519 1066 1581 quae
1094 1501 1236 1564 incertae
1260 1500 1342 1566 fere-

326 1591 456 1670 bantur,
479 1587 652 1651 Plautinae
675 1590 784 1650 tamen
806 1607 876 1650 esee
896 1583 934 1649 de
953 1587 1096 1650 iocorum
1116 1588 1210 1672 oopiu
1228 1609 1341 1653 nosce-

276 1673 446 1743 latentur.
484 1673 597 1739 Oieero
617 1677 724 1739 autem
749 1677 905 1758 quantum
929 1673 964 1737 in
987 1696 1025 1737 sa
1048 1696 1082 1738 re
1105 1675 1246 1740 uoluerit
1269 1676 1341 1760 quis

327 1767 472 1850 ignorat,
500 1764 554 1846 qui
581 1762 633 1827 uel
661 1761 770 1827 liberti
798 1762 866 1826 eius
895 1762 998 1826 libros
1022 1785 1102 1846 aluos
1126 1763 1154 1827 ie
1178 1781 1225 1826 nn
1248 1781 1340 1829 lours
1356 1790 1382 1827 ιο

329 1852 457 1937 patroni
491 1851 685 1934 composuit,
717 1871 797 1934 quos
830 1849 960 1933 quidam
987 1850 1089 1933 ipsius
1116 1855 1235 1935 putant
1262 1873 1343 1935 esee,

329 1942 437 2027 legere
473 1939 622 2004 curauit?
677 1938 749 2024 quis
786 1939 862 2002 item
895 1939 1000 2003 nescit
1031 1939 1232 2005 consularem
1267 1963 1340 2005 eum

329 2049 498 2096 sourrsm
535 2033 575 2093 ab
611 2027 751 2093 inimiais
786 2026 945 2110 appellari
978 2027 1134 2094 solitum?
1190 2029 1274 2115 quod
1307 2031 1342 2094 in

279 2114 477 2185 ldorstione
509 2118 607 2182 etiam
640 2140 699 2182 sua
725 2115 878 2183 Vatinius
906 2118 1024 2201 posuit.
1073 2121 1170 2204 utque
1200 2140 1275 2205 ego,
1307 2121 1342 2185 ni

329 2210 466 2294 longum
491 2211 589 2290 esset,
617 2206 767 2271 referrem
791 2204 964 2291 inquibus
988 2209 1203 2290 oausis,eum
1226 2231 1342 2274 nosen·
1358 2231 1382 2271 rs

329 2297 475 2363 tissimus
498 2317 572 2360 reos
596 2298 750 2378 tueretur,
773 2296 945 2360 uictoriam
969 2296 1047 2360 iocis
1071 2295 1207 2380 adeptus
1231 2299 1284 2381 sit,
1307 2304 1344 2362 ut

330 2406 402 2451 eece
430 2406 489 2468 pro
514 2383 548 2449 L.
572 2382 724 2463 Flacco,
757 2404 851 2468 quem
885 2384 1135 2467 repetundarum
1163 2407 1253 2449 reum
1281 2388 1343 2452 iooi

330 2472 550 2559 oportunitate
574 2471 612 2534 de
637 2470 911 2536 manifestissimis
935 2470 1127 2536 criminibus
1151 2473 1277 2538 exemit.
1314 2474 1343 2539 ie

331 2564 421 2628 iocus
453 2560 487 2624 in
520 2560 667 2625 oratione
699 2581 764 2624 non
797 2562 904 2643 extat,
937 2559 1017 2623 mihi
1050 2582 1089 2624 ex
1119 2560 1205 2625 libro
1238 2561 1343 2627 Furii

331 2647 511 2716 Bibaculi
530 2653 626 2713 notus
646 2652 704 2732 est,
723 2650 757 2712 et
774 2647 860 2713 iuter
879 2648 945 2713 alia
964 2647 1032 2713 eius
1052 2649 1138 2714 dioto
1156 2650 1384 2716 celebrationes

280 2740 388 2807 liaed
411 2741 445 2804 iu
468 2738 531 2803 hoo
551 2739 686 2802 uerbum
705 2760 771 2802 nou
790 2761 867 2803 casu
886 2738 993 2821 insidi,
1017 2739 1130 2803 uolens
1150 2740 1218 2806 feei.
1257 2743 1343 2806 ioeos

331 2831 418 2895 enim
442 2829 504 2892 hoe
527 2847 628 2913 genus
652 2832 778 2892 ueteres
801 2827 904 2891 nostri
927 2827 1031 2892 dieta
1054 2829 1213 2895 dicebant.
1250 2833 1343 2896 testis

331 2915 563 2983 idem010uao
583 2918 637 3000 qui
656 2916 689 2981 in
710 2917 791 2980 libro
810 2934 1058 2982 nersrvnsavn
1072 2935 1120 2981 sn
1136 2916 1344 2984 Oounnmvn

332 3004 734 3071 Nnroeausacvrnosic
749 3004 796 3066 ait
809 3004 940 3088 itaque
959 3005 1085 3068 nostri
1104 3025 1185 3069 oum
1205 3009 1345 3088 omnia,

332 3115 427 3178 quae
456 3092 702 3174 dixissemus,
729 3090 832 3155 dieta
860 3095 1002 3171 essent,
1030 3114 1126 3175 quae
1155 3092 1279 3158 facete
1308 3099 1384 3158 etas

332 3182 506 3246 breuiter
534 3185 571 3243 et
603 3186 713 3246 acute
744 3180 866 3245 locuti
899 3202 1081 3259 essemus,
1113 3203 1156 3245 ea
1187 3185 1344 3267 proprio

333 3270 486 3336 nomine
515 3269 706 3353 appellari
730 3269 833 3333 diota
859 3270 1074 3333 uoluerunt.
1121 3269 1200 3334 haee
1224 3268 1344 3336 Oioero.

332 3357 480 3435 Nouius
513 3379 590 3422 uero
618 3357 919 3442 Pomponiusque
952 3359 1040 3422 iocos
1068 3379 1133 3423 non
1161 3380 1234 3424 raro
1267 3359 1343 3425 die·

282 3446 432 3513 ldteria
454 3447 633 3512 nominant
677 3445 827 3510 Marsus
852 3445 950 3511 etiam
975 3443 1068 3511 (isto
1092 3446 1146 3510 ille
1170 3444 1344 3513 Censorius

405 3645 438 3693 24
458 3639 557 3707 fragm.
577 3638 620 3692 ed.
641 3637 729 3692 Orelli
743 3655 769 3707 p.
790 3643 843 3693 968

404 3815 837 3885 uursaeueruP=n1gnaeo
858 3817 885 3869 P
969 3822 1094 3886 3prnno
1117 3817 1153 3870 P'
1236 3817 1274 3870 dir
1296 3818 1348 3870 hos

334 3889 404 3958 quos
419 3893 448 3956 (“
466 3890 531 3944 odd.
552 3890 578 3957 d)
598 3889 625 3941 Β
720 3893 734 3942 ‘1
756 3888 901 3943 comoedia
917 3892 922 3954 Ι
937 3888 971 3941 B‘
1069 3906 1156 3960 aequo
1178 3894 1209 3944 at
1228 3891 1287 3943 uid.
1308 3890 1342 3942 Β

334 3962 506 4030 8paulatrru
526 3977 558 4014 ae
578 3963 673 4014 tamen
691 3959 726 4012 Β
785 3967 817 4014 14
837 3976 886 4014 ora
905 3963 990 4014 etiem
1012 3957 1048 4012 P'
1105 3961 1259 4014 uotiuul'R
1311 3967 1344 4016 17

334 4031 408 4087 lucro
428 4033 488 4087 BP
551 4037 583 4088 19
602 4032 664 4085 futu
684 4032 712 4085 B
739 4031 803 4086 ful'u
823 4032 851 4085 P
917 4037 951 4086 20
971 4032 1093 4085 uruuculr
1112 4031 1171 4085 BP
1237 4035 1344 4087 211ud1

334 4100 369 4156 P'
426 4103 505 4159 loeus
521 4103 548 4157 B
608 4109 640 4157 23
661 4073 838 4171 epudolarum
858 4103 919 4157 BP
971 4109 1005 4157 26
1024 4104 1133 4170 loquuti
1154 4104 1181 4157 P
1233 4121 1346 4173 propria

333 4190 448 4230 nomma
466 4174 503 4229 P‘
559 4181 593 4230 28
612 4173 719 4229 Neurus
734 4175 762 4227 B
