3322 5190
380 821 445 890 382
768 821 844 879 sus.
858 820 955 877 muru
971 820 1009 877 v1

594 984 760 1052 siluestres
784 986 835 1051 uri
859 984 1005 1070 adsidue,

379 1109 438 1182 uri
461 1110 547 1175 enim
566 1107 689 1175 Gallice
710 1132 774 1175 uox
793 1111 852 1194 est,
875 1129 940 1193 que
958 1108 1019 1173 feri
1038 1109 1139 1174 boues
1159 1107 1391 1193 significentur.

593 1256 741 1324 Osmuris
764 1259 871 1324 hirtae
896 1258 954 1323 sub
979 1258 1132 1324 cornibus
1155 1279 1258 1324 eures.

378 1381 544 1447 camuris
572 1381 778 1466 peregrinum
806 1381 941 1446 uerbum
969 1383 1032 1463 est,
1064 1380 1098 1445 id
1125 1383 1176 1445 est
1203 1384 1242 1444 in
1272 1403 1310 1445 se
1333 1403 1391 1446 re-

378 1469 598 1535 deuntibus.
653 1472 686 1533 et
722 1468 806 1533 forte
844 1491 904 1532 nos
942 1489 1069 1552 quoque
1106 1489 1294 1533 cometem
1331 1468 1431 1534 hece

378 1558 504 1621 ratione
527 1555 747 1641 figureuimus.

339 1704 370 1771 V
467 1704 572 1771 Mults
589 1727 718 1791 quoque
737 1704 881 1789 epitheto
900 1703 985 1788 apud
1004 1703 1186 1788 Vergilium
1205 1708 1290 1790 sunt,
1309 1728 1390 1790 quae

379 1794 421 1859 sb
444 1794 516 1878 ipso
540 1795 617 1859 ficte
635 1794 817 1875 creduntur,
841 1791 896 1857 sed
916 1793 1046 1857 ethaeo
1065 1814 1085 1856 e
1104 1793 1267 1859 ueteribus
1287 1799 1391 1858 tracte

380 1883 579 1947 monstrabo.
634 1885 711 1946 sunt
747 1883 854 1946 eutem
891 1901 930 1943 ex
962 1880 1014 1945 his
1046 1880 1113 1945 elie
1145 1882 1317 1966 simplicio,
1354 1889 1391 1946 ut

380 1967 587 2054 Gradiuus,
624 1968 825 2052 Mulciber,
862 1968 929 2033 elie
960 1969 1144 2052 conposite,
1181 1974 1218 2033 ut
1249 1971 1431 2054 Arqui-10

380 2060 531 2139 teneus,
554 2057 758 2124 vitisator.
804 2055 859 2121 sed
882 2056 972 2142 prius
997 2057 1035 2121 de
1059 2056 1261 2142 simplicibus
1285 2057 1389 2124 dicem

348 2184 369 2251 2
593 2187 626 2249 et
649 2181 819 2247 distinctos
842 2180 1000 2247 Mulciber
1022 2181 1121 2248 Afros

380 2305 567 2373 Mulciber
582 2309 632 2372 est
641 2305 816 2388 Vulcanus,
830 2306 914 2392 quod
929 2307 1016 2392 ignis
1031 2308 1075 2372 sit
1090 2311 1122 2372 et
1134 2307 1242 2372 omnia
1252 2307 1391 2373 muleeat

380 2417 417 2462 ec
441 2394 558 2461 domet
603 2396 722 2461 Accius
745 2397 780 2460 in
803 2395 983 2460 Philoctele

752 2519 816 2584 heu
840 2518 1010 2602 Mulciber,
1406 2536 1432 2576 11

424 2630 515 2673 erma
538 2608 660 2694 ignauo
684 2630 718 2673 es
742 2608 865 2673 inuicte
888 2606 1067 2672 fabricatus
1092 2628 1204 2693 manu,

380 2736 413 2797 et
436 2730 596 2817 Egnatius
621 2731 792 2796 deserum
816 2736 933 2796 notura
957 2730 1040 2796 libro
1064 2731 1169 2815 primo
1265 2749 1266 2753 ’

424 2858 561 2943 denique
584 2855 742 2921 Mulciber
766 2856 889 2941 etipse
914 2856 1018 2920 ferens
1043 2856 1203 2921 altissime
1227 2856 1319 2942 cuoli,

424 2949 444 3028 †
460 2948 662 3030 contingunt.

348 3071 368 3134 3
753 3066 920 3152 Haedique
944 3068 1063 3150 petulci

424 3156 558 3220 floribus
585 3155 751 3218 insultent.

379 3277 547 3343 Lucretius
572 3278 605 3341 iu
629 3277 768 3342 seeundo

424 3404 591 3487 prseterce
615 3401 718 3465 teneri
744 3400 888 3464 tremulis
912 3402 945 3463 in
970 3401 1103 3465 uocibus
1126 3401 1221 3464 haedi

424 3491 601 3555 cornileras
626 3494 745 3553 norunt
769 3493 889 3552 matres
914 3489 1055 3574 agnique
1080 3489 1208 3571 petulci.

451 3697 699 3769 lGeorg.11374
764 3698 949 3754 sibillos
1015 3705 1046 3752 12
1067 3698 1134 3753 Aen.
1155 3698 1220 3752 VIll
1240 3703 1290 3753 721
1357 3704 1387 3751 15

378 3790 404 3828 u.
425 3777 476 3826 use
496 3770 539 3824 ed.
560 3776 575 3823 s
595 3769 675 3825 Ritu.
732 3775 766 3823 20
786 3768 884 3840 Georg.
906 3769 957 3823 1111
980 3775 1010 3822 ιο
1065 3776 1099 3825 eu
1120 3770 1144 3823 11
1165 3775 1214 3823 eor

449 3974 464 4021 3
484 3972 506 4021 ts
526 3967 646 4021 comuni
662 3967 730 4033 (isid.
750 3968 835 4032 fuisse
855 3966 983 4034 cumulis)
1004 3968 1031 4018 P
1093 3971 1108 4018 b
1129 3966 1201 4020 nos*
1220 3967 1288 4030 (trid.
1302 3968 1387 4033 scrisse

377 4040 410 4108 ts)
432 4039 459 4093 P
517 4038 744 4107 quoqucom.P
802 4037 1025 4106 10copoi1tel’
1085 4044 1116 4091 12
1136 4037 1197 4091 ulos
1212 4036 1248 4090 P'
1306 4045 1336 4091 16
1357 4054 1385 4090 es

377 4111 483 4166 inuicto
502 4110 632 4165 Bauius:
652 4111 757 4162 roureto
776 4108 806 4162 es
824 4109 850 4161 P
866 4111 901 4177 (el
921 4108 1110 4176 Hermotimo)
1196 4114 1227 4162 18
1247 4112 1275 4164 et
1294 4126 1343 4162 osu
1364 4108 1390 4160 P

379 4188 411 4237 19
431 4181 565 4252 contigno
584 4185 632 4237 (1111
651 4197 714 4234 curu
735 4179 815 4249 tigno
833 4182 945 4236 corriccit
965 4180 1108 4237 Portunus
