3442 5190
362 837 408 903 90
762 834 839 891 ΒΔΤ.
857 832 986 890 LIBRII

364 1019 440 1084 ergo
470 998 537 1064 sint
522 997 697 1064 thuiusoe
726 996 854 1083 sideria,
886 997 919 1061 id
947 999 998 1061 eet
1025 995 1118 1079 aolia,
1151 995 1213 1060 duo
1242 994 1376 1059 maximi

363 1086 509 1165 effeetus,
538 1086 621 1151 alter
648 1107 712 1171 quo
739 1085 846 1150 calore
869 1086 1050 1167 temperato
1074 1084 1166 1149 iuuat
1188 1082 1377 1147 mortalium

362 1173 475 1258 uitam,
498 1174 582 1239 alter
604 1195 669 1258 quo
693 1173 780 1238 iaetu
744 1170 967 1238 tradiorum
991 1193 1056 1236 non
1078 1192 1254 1256 numquam
1278 1169 1378 1253 penti·

363 1262 466 1327 ferum
490 1265 578 1327 uirua
601 1261 766 1346 immittit,
788 1260 851 1326 duo
875 1259 1049 1345 eademque
1073 1258 1268 1361 cognomina
1290 1257 1378 1322 eirea

363 1351 511 1440 singulos
539 1350 634 1418 effect
619 1354 673 1418 tus
696 1350 836 1437 propriis
860 1349 1139 1417 enuntiationibus
1164 1347 1296 1436 signant
1320 1369 1376 1432 ap·
1403 1372 1416 1414 a

362 1443 522 1528 pellentes
547 1442 642 1507 deum
660 1435 763 1527 Ἰήιον
781 1445 879 1528 atque
898 1444 1040 1506 Παιᾶνα.
1079 1460 1162 1525 quae
1180 1437 1377 1525 cognomina

362 1532 491 1619 utrique
511 1532 639 1597 effectui
663 1535 843 1617 aptarunt,
866 1533 903 1594 ut
922 1529 966 1595 eit
980 1526 1079 1613 Ἰήιος
1097 1529 1162 1596 ἀπὸ
1180 1536 1241 1595 τοῦ
1259 1529 1377 1594 ἰᾶσθαι

362 1621 464 1686 idest
486 1621 679 1704 aeanando,
698 1623 730 1684 et
715 1619 856 1685 tllmolv
879 1617 942 1685 ἀπὸ
957 1628 1019 1684 τοῦ
1045 1618 1166 1684 παύειν
1188 1619 1246 1695 τὰς
1268 1616 1376 1701 ἀνίας,

362 1713 396 1774 et
417 1731 530 1775 turena
548 1706 649 1793 Ιήιος
672 1707 736 1774 ἀπὸ
759 1708 819 1774 τοὺ
844 1705 928 1772 [έναι
944 1706 1008 1772 ab
999 1729 1091 1771 rmmr
1082 1706 1218 1791 ttendo,

654 1831 751 1918 βέλος
773 1828 944 1916 ἐχεπευκὲς
968 1830 1079 1914 ἕφιείς.
1390 1853 1415 1892 ro

312 1958 398 2022 l'let
419 1957 532 2021 lineola
555 1954 621 2021 ἀπὸ
644 1959 836 2020 rotantem
859 1977 878 2018 a
900 1953 1054 2019 feriendo.
1096 1952 1240 2017 obtinuit
1264 1954 1375 2017 tamen

361 2048 415 2128 ut,
451 2065 524 2109 oum
561 2044 734 2109 sanitatem
772 2043 843 2108 dari
876 2042 940 2107 eibi
971 2043 1160 2127 precantur,
1197 2040 1229 2124 ἰὴ
1262 2040 1375 2105 Παιάν

361 2154 420 2217 per
445 2141 466 2216 ἦ
494 2132 640 2197 litteram
664 2133 842 2211 enuntient,
871 2130 903 2195 id
926 2135 978 2196 est
1000 2129 1127 2195 medere
1151 2128 1272 2194 Paean:
1301 2151 1375 2194 cunr

362 2225 471 2287 autem
490 2222 520 2286 ἴε
540 2220 651 2286 Παιάν
668 2243 726 2304 per
743 2228 760 2286 ἓ
778 2221 922 2286 litteram
940 2219 1052 2285 dieunt
1065 2240 1137 2284 cunr
1153 2217 1375 2302 adspiratione

361 2310 479 2394 prioria
498 2309 637 2394 litterae,
656 2309 843 2393 signifioant
860 2308 922 2372 hoo
939 2306 1010 2392 diei,
1029 2308 1063 2371 in
1083 2305 1221 2391 aliquem
1238 2305 1415 2372 aduersam

362 2399 548 2483 precatione
570 2398 652 2482 βάλε
675 2397 800 2481 Παιάν,
822 2397 854 2460 id
878 2400 929 2461 est
952 2396 1090 2460 immitte
1113 2394 1265 2459 feriendo.
1310 2414 1376 2477 que

361 2508 440 2552 uoce
459 2486 569 2551 ferunt
587 2486 747 2551 Latonam
768 2506 869 2564 usam,
892 2506 964 2549 eum
984 2484 1169 2569 Apollinem
1189 2484 1376 2549 hortaretur

361 2575 517 2658 impeturn
528 2573 685 2658 Pythonia
700 2575 860 2639 incessere
874 2572 1013 2658 sagittis,
1027 2572 1116 2637 ouiua
1131 2572 1179 2636 rei
1191 2572 1375 2637 naturalem

311 2661 521 2729 18rationem
555 2685 614 2728 auo
647 2663 717 2727 loeo
745 2662 886 2727 reddam.
935 2661 1020 2726 harro
1048 2683 1175 2746 uocem,
1207 2661 1239 2726 id
1268 2661 1319 2726 eat
1345 2660 1375 2726 ῗε

363 2752 486 2838 Παιάν,
509 2755 718 2818 eorrtirmaese
741 2753 844 2818 fertur
868 2752 1032 2817 oraculum
1056 2748 1250 2837 llelphiouru
1273 2748 1374 2815 Athe·
1389 2774 1415 2815 ao

362 2841 528 2909 rrieuaibua
565 2843 751 2928 petentibus
788 2864 881 2927 opem
917 2842 967 2906 dei
1001 2841 1157 2907 aduersus
1190 2843 1374 2907 Amazonas

361 2933 487 2998 'Pheaeo
511 2937 677 3019 regnante.
714 2954 862 3035 ,nemque
890 2931 1027 2996 inituros
1056 2931 1178 2996 bellum
1204 2933 1299 2996 iussit
1321 2929 1374 2996 hie

360 3021 441 3105 ipaie
461 3022 571 3086 uerbis
591 3022 720 3086 semet
711 3044 816 3122 rpeunr
832 3020 1079 3085 auxiliatorem
1071 3041 1222 3084 rnuocare
1237 3021 1374 3083 hortari-

311 3107 432 3192 19que
488 3108 799 3174 Aaounonoave
789 3131 823 3172 ur
859 3108 942 3210 libro
976 3112 1091 3191 quarto
1125 3109 1248 3172 deeimo
1283 3105 1373 3191 περὶ

362 3191 495 3261 θεῶν’
492 3197 912 3280 Irltovaolemaerilritzi
918 3196 1172 3280 taappellari
1198 3196 1373 3279 Appolli·
1387 3216 1413 3257 aa

362 3306 444 3348 nem
468 3282 531 3350 ἀπὸ
554 3294 615 3349 τοῦ
637 3286 718 3351 κατὰ
742 3286 800 3350 τὸν
818 3287 944 3369 κόσμον
962 3286 1073 3350 ἵεσθαι
1092 3282 1180 3349 unii
1166 3281 1263 3369 ἰέναι,
1285 3282 1372 3369 quod

307 3370 351 3435 20
361 3373 410 3438 sol
434 3394 490 3458 per
513 3374 658 3439 orbem
649 3379 771 3459 rmpetu
737 3375 907 3441 tfertur.
953 3375 1008 3439 aed
1032 3373 1224 3439 Timotheus
1248 3374 1296 3439 ita

431 3608 447 3655 t
467 3602 712 3656 enunciationrbul
726 3603 754 3656 Β
830 3605 964 3659 6ΤΑΙΝΑ
984 3605 1012 3658 Β
1090 3611 1115 3666 7
1125 3604 1191 3657 ΗΟ(
1210 3603 1282 3656 ΛΠΟ
1301 3603 1373 3658 ΤΟΥ

361 3674 462 3729 {acm
483 3674 510 3726 Β
556 3673 675 3727 aetla
698 3673 725 3728 ΕΙ
744 3674 771 3726 Ρ
815 3664 932 3729 ΟῙΕΝΛΙ
954 3675 981 3728 Ρ
1025 3673 1371 3729 abrmmrttarrdolllllllll

361 3746 434 3800 ΛΠΟ
452 3746 523 3799 ΤΟΥ
543 3745 655 3800 ΠΛΙΕΙΝ
670 3746 777 3802 neno<
792 3747 798 3816 1
814 3746 1048 3802 ΕΧΕΠΕΥΚΕ(
1021 3747 1123 3801 ΕΦΙΕΙ(
1134 3747 1160 3801 ΕΙ
1176 3763 1194 3801 a
1207 3747 1372 3800 serrendoll

361 3822 392 3870 11
415 3814 702 3872 obtenurtB'12
722 3822 851 3888 precatur
871 3820 900 3872 ΙΗ
918 3823 923 3887 Ι
938 3820 1079 3873 ΠΛΝΗΤΑ
1098 3817 1223 3873 litterum
1245 3818 1272 3871 P
1341 3826 1373 3873 111

360 3890 456 3942 ΗΤΛΜ
474 3888 503 3941 P
556 3893 588 3942 14
607 3890 711 3944 ΠΛΙΛΝ
731 3890 791 3943 BP
843 3891 870 3945 ΙΕ
886 3891 1058 3961 Cantabria:
1078 3892 1108 3946 ΙΗ
1124 3891 1184 3943 ΒΡ
1231 3890 1372 3945 renate

358 3960 386 4013 Β
443 3964 474 4013 11
495 3959 722 4015 hortareturom.
744 3959 781 4014 P
844 3967 877 4016 18
897 3964 1034 4030 rmpetum
1052 3978 1102 4016 oar
1122 3962 1150 4014 P
1206 3959 1319 4030 pytonil
1335 3960 1371 4015 P'

357 4029 524 4099 *irrignus
541 4031 568 4083 P
611 4037 643 4084 19
663 4030 877 4100 ΙαΟαιααὸνίςι
898 4035 927 4087 ΙΗ
949 4032 975 4084 Β
1021 4032 1227 4086 1111111111)
1269 4033 1373 4088 ΠΕΡΙΟ

358 4101 386 4155 P
430 4106 464 4154 tt
484 4102 562 4157 ΗΙΟΝ
581 4102 609 4155 Β
655 4102 799 4174 appellare
818 4048 858 4155 Β’
901 4108 934 4158 26
953 4104 1021 4158 ῙΟΝ
1037 4103 1073 4157 P.
1093 4106 1109 4159 Γ
1110 4104 1198 4159 ΟΝΒ
1246 4104 1373 4160 Karena!

356 4205 385 4260 a
439 4213 473 4262 ar
492 4206 579 4263 roam
598 4207 627 4262 a
681 4191 909 4281 unornane
