3442 5190
765 854 817 911 VII
835 860 941 910 11-19
1298 855 1361 922 611

350 1019 516 1103 perustae,
543 1038 626 1104 quae
650 1019 849 1102 temperatae
877 1015 985 1083 uieina
1010 1017 1075 1101 est,
1103 1016 1249 1083 admittit
1270 1013 1365 1082 habi-

350 1107 458 1171 tantes
480 1104 564 1187 illie,
587 1104 620 1171 id
644 1108 695 1171 eat
716 1109 807 1171 trans
830 1105 1007 1190 tropicum,
1029 1125 1250 1190 quaecumque
1273 1104 1365 1172 habi·

350 1196 461 1259 tantur
484 1195 591 1280 spatia
608 1194 756 1260 umbram
777 1193 914 1259 mittunt
932 1193 966 1259 in
985 1198 1132 1259 austrum
1152 1215 1190 1259 eo
1209 1196 1366 1280 tempore,

350 1304 414 1370 quo
438 1283 487 1350 sol
511 1281 670 1349 Cancrum
693 1286 791 1348 tenet.
828 1287 905 1349 tune
929 1283 1013 1348 enirn
1037 1283 1075 1347 fit
1097 1281 1144 1348 eis
1163 1281 1214 1347 sol
1233 1284 1363 1367 septen-

322 1371 508 1457 etrionalis,
530 1392 601 1438 aum
625 1372 786 1458 tropicum
804 1373 902 1454 tenet,
926 1370 1012 1457 quod
1031 1371 1072 1435 ab
1091 1371 1157 1436 illis
1174 1370 1214 1435 ad
1234 1375 1362 1456 septen·

349 1461 487 1527 trionem
506 1461 635 1528 recedit.
672 1460 789 1527 ciuitas
809 1464 917 1527 antem
937 1459 1051 1546 Syene,
1072 1482 1155 1545 quae
1173 1460 1360 1546 prouinciae
1374 1460 1415 1528 15

349 1549 532 1616 Thebaidos
547 1555 623 1636 post
636 1551 837 1636 superiorum
851 1550 1011 1616 montium
1027 1549 1156 1615 deserta
1165 1549 1361 1636 principium

348 1642 408 1722 est,
431 1640 491 1706 sub
513 1640 585 1724 ipse
609 1641 733 1705 aestiuo
758 1640 881 1725 tropico
905 1638 1083 1705 constituta
1105 1641 1165 1721 est,
1188 1641 1221 1703 et
1244 1660 1282 1703 eo
1302 1637 1363 1724 die,

349 1750 412 1813 quo
440 1729 489 1795 sel
517 1732 638 1794 certam
666 1732 792 1815 partem
820 1728 999 1815 ingreditur
1025 1727 1158 1812 Caneri,
1190 1726 1272 1793 hora
1298 1726 1363 1792 diei

309 1820 455 1902 rueerta,
482 1819 637 1903 quoniam
664 1819 712 1885 sol
743 1821 819 1884 tune
847 1839 944 1903 super
966 1817 1073 1903 ipsum
1101 1817 1267 1882 inuenitur
1289 1838 1362 1882 uer-

347 1907 445 1971 ticem
474 1906 631 1985 ciuitatis,
657 1908 748 1972 nulla
774 1907 843 1972 illie
869 1910 980 1992 potest
1006 1907 1041 1972 in
1070 1911 1190 1972 terram
1218 1905 1258 1971 de
1281 1928 1361 1991 quo·

347 1993 428 2060 libet
446 2017 581 2080 corpore
600 1997 716 2061 umbra
733 1995 856 2076 iaetari,
876 1994 932 2058 sed
946 2016 1005 2059 nee
1020 1994 1115 2060 stilus
1129 1993 1363 2079 hemisphaerii

347 2084 561 2148 monstrantis
584 2083 693 2165 hores,
716 2105 811 2167 quem
835 2084 1001 2167 γνώμωνα
1021 2086 1148 2167 uocant,
1171 2086 1250 2147 tune
1268 2081 1308 2146 de
1328 2103 1363 2145 se

345 2174 454 2255 potest
485 2170 633 2237 umbram
665 2192 783 2236 creare.
835 2174 869 2234 et
901 2174 963 2235 hoe
1002 2173 1065 2254 est,
1097 2170 1183 2255 qnod
1211 2170 1362 2235 Lucanus
1375 2172 1416 2239 16

307 2257 457 2411 repiticerpl
480 2259 598 2361 noluit,
631 2281 691 2325 nee
719 2261 830 2323 temen
857 2258 952 2342 plene
980 2261 1017 2321 ut
1043 2256 1183 2322 habetur
1210 2258 1362 2322 absoluit.

366 2367 435 2412 reen
460 2368 479 2412 ο
503 2369 588 2412 emm

478 2474 575 2557 atque
598 2471 731 2538 umbras
750 2492 927 2556 numquam
951 2469 1100 2536 flectente
1122 2468 1230 2557 Syene

347 2616 416 2662 rem
448 2596 579 2682 quidem
611 2596 724 2684 attigit
751 2596 808 2662 sed
835 2595 983 2661 turbauit
1010 2616 1131 2660 uerum.
1182 2615 1248 2660 non
1275 2594 1361 2661 anim

347 2706 523 2771 numquam
560 2684 663 2752 flectit
695 2684 750 2752 sed
784 2706 848 2751 uno
880 2687 1039 2770 tempore,
1077 2683 1162 2768 quod
1195 2705 1269 2749 eum
1301 2705 1360 2750 sua

307 2794 335 2836 re
349 2774 474 2841 ratione
501 2774 695 2840 rettulimus.
744 2774 796 2839 his
824 2773 939 2839 relatis
968 2776 1111 2858 constat,
1138 2773 1240 2839 solem
1267 2775 1413 2840 num-17

348 2885 444 2947 quam
472 2863 581 2949 egredi
609 2863 689 2929 fines
718 2865 882 2948 perustae,
910 2863 986 2948 quia
1013 2862 1053 2928 de
1081 2861 1206 2947 tropico
1233 2867 1268 2927 in
1294 2865 1359 2926 tro·

347 2951 456 3035 pieum
483 2951 632 3018 zodiacus
661 2953 847 3037 obliquatus
875 2955 934 3017 est
982 2950 1156 3016 manifesta
1183 2954 1234 3015 est
1260 2950 1361 3035 igitur

348 3061 460 3122 eausa,
491 3062 549 3107 eur
581 3040 662 3107 haee
694 3062 777 3105 zona
807 3041 948 3105 flammis
980 3040 1025 3105 sit
1056 3060 1184 3123 semper
1211 3039 1362 3121 obnoxia,

348 3129 466 3213 quippe
490 3151 588 3214 quam
611 3129 662 3195 sol
685 3130 788 3195 totius
812 3128 974 3194 aetheriae
997 3128 1148 3193 dammae
1172 3131 1206 3192 et
1228 3127 1301 3192 fons
1324 3133 1360 3191 et

307 3233 334 3276 aa
349 3215 597 3283 administrator
615 3239 791 3302 numquam
810 3217 980 3301 relinquat
1017 3236 1096 3300 ergo
1116 3216 1231 3280 ambae
1251 3216 1412 3300 parteel8

347 3304 496 3388 ultimae,
524 3305 556 3369 id
585 3308 635 3369 est
663 3305 925 3389 septentrionalis
954 3307 987 3368 et
1014 3302 1180 3386 australis,
1212 3302 1253 3366 ad
1281 3324 1362 3387 quas

345 3414 523 3476 numquam
564 3393 653 3458 ealor
689 3394 767 3458 solie
804 3391 940 3472 aceedit,
982 3391 1166 3456 neeessario
1202 3393 1362 3475 perpetua

346 3484 536 3567 premuntur
563 3482 694 3566 pruina,
726 3480 807 3546 dnae
834 3502 926 3564 uero,
955 3481 992 3544 ut
1018 3479 1173 3562 diximus,
1199 3481 1362 3563 temperat

347 3569 423 3634 hine
450 3573 547 3653 etque
573 3569 666 3634 illine
692 3568 815 3635 nieinia
841 3569 957 3634 ealeris
981 3570 1014 3632 et
1036 3567 1178 3652 frigoris.
1225 3567 1361 3653 denique
1373 3568 1414 3634 19

420 3764 452 3815 17
471 3758 567 3816 Phara
585 3758 611 3815 ΙΙ
630 3764 682 3815 ⁶78

419 3935 484 3992 rid
504 3937 624 4061 ertkrde
643 3937 680 4005 (t.
699 3952 720 3992 e.
739 3934 824 4004 idem)
843 3936 872 3990 Β
924 3938 987 3989 ter
1009 3933 1037 3988 P
1089 3932 1193 4006 there
1208 3933 1236 3987 Β
1288 3932 1361 3988 test

347 4012 411 4063 aare
429 4010 458 4062 at
475 4023 526 4064 em.
667 4011 701 4061 12
720 4004 845 4076 eorporrf
857 4005 886 4060 Β
978 4005 1021 4059 iet
1038 4003 1066 4057 B
1155 4001 1314 4073 hemrspern
1332 4003 1361 4057 Β

349 4081 382 4130 18
401 4094 543 4147 gnomone
559 4077 613 4132 ΡΒ
690 4082 723 4132 17
742 4074 887 4132 flectentes
900 4077 929 4131 P
1000 4078 1032 4129 19
1052 4074 1093 4130 fet
1110 4074 1139 4129 B
1209 4079 1245 4127 20
1263 4071 1360 4127 natah-

347 4147 410 4202 mns
424 4147 453 4201 Β
520 4153 554 4202 22
574 4147 750 4202 manriaitum
768 4144 803 4201 B'
867 4150 901 4201 tt
920 4144 1063 4201 flammrht
1080 4144 1109 4198 P
1167 4149 1202 4198 tt
1221 4143 1362 4211 rehnquet

348 4223 380 4274 at
398 4219 456 4276 aid.
478 4213 518 4273 P'
574 4224 608 4275 tt
627 4217 695 4273 [ehi
709 4217 786 4274 ealor
804 4218 941 4274 aeeerdrt
959 4217 988 4271 P
1043 4220 1077 4270 29
1095 4212 1155 4269 rlhe
1173 4229 1268 4270 nucina
1285 4210 1323 4269 P'

1092 4303 1146 4360 89⁸
