3322 5190
670 799 695 854 V
716 803 820 854 12-18
845 799 884 855 VI
903 805 972 854 1-a
1262 799 1329 867 495

316 959 368 1023 eat
380 959 533 1044 quattuor
549 995 587 1006 -
604 980 679 1024 nam
694 959 747 1025 hic
762 981 914 1025 numeror
929 961 1083 1044 quattuor
1092 961 1127 1025 et
1137 959 1330 1025 nasciturdo

316 1045 441 1112 duobus
460 1050 494 1110 et
516 1048 589 1112 octo
609 1054 744 1132 generat
762 1051 879 1112 -aut
901 1048 1097 1132 conponitur
1114 1047 1154 1112 de
1172 1048 1278 1112 tribus
1298 1051 1331 1112 et

317 1134 467 1218 quinque,
478 1156 615 1218 quorum
625 1135 709 1199 alter
718 1135 843 1219 primur
854 1136 998 1199 omnium
1008 1156 1214 1201 numerorum
1224 1135 1331 1220 impar

317 1221 480 1306 apparuit,
504 1221 643 1306 quinarii
668 1228 777 1286 antem
804 1224 985 1306 potentiam
1009 1244 1146 1308 sequeno
1171 1221 1382 1288 tractaturi?

290 1329 304 1371 o
318 1309 466 1395 attinget.
495 1309 705 1394 Pythagorici
720 1332 797 1374 uero
813 1311 899 1375 hunc
912 1332 1083 1375 numerum
1094 1309 1258 1375 Iustitiam
1273 1333 1330 1376 uo·

317 1399 479 1476 cauerunt,
502 1396 580 1482 quia
597 1398 721 1482 primur
740 1398 885 1464 omnium
903 1398 952 1463 ita
969 1399 1109 1464 uoluitur
1126 1397 1161 1463 in
1179 1420 1330 1464 numeros

318 1487 439 1572 pariter
453 1507 558 1571 perer,
572 1486 634 1551 hoc
649 1489 699 1552 est
713 1487 747 1552 in
761 1487 812 1552 bia
828 1490 993 1573 quaterna,
1007 1490 1045 1553 ut
1058 1487 1161 1553 nihilo
1176 1487 1282 1553 minuo
1296 1487 1330 1552 in
1378 1539 1381 1544 .

316 1597 578 1660 numerosaeque
590 1576 942 1662 pariterpererdiuisio
956 1598 1084 1662 quoque
1094 1576 1166 1661 ipsa
1175 1576 1330 1659 soluatur,

318 1663 351 1730 id
370 1668 421 1731 eat
443 1665 476 1729 iu
495 1665 547 1731 bis
566 1665 652 1730 bina.
689 1665 799 1731 eadem
823 1688 950 1752 quoque
969 1665 1125 1750 qualitate
1140 1666 1331 1749 contexitur,

278 1776 305 1816 ιι
318 1753 352 1819 id
384 1758 434 1821 ert
462 1753 511 1820 bia
540 1754 618 1821 bina
646 1755 705 1820 bia.
751 1778 822 1820 cum
855 1777 933 1842 ergo
967 1758 1000 1820 et
1031 1757 1196 1822 contextio
1228 1755 1331 1841 ipsius
1346 1756 1384 1822 18

318 1844 389 1931 pari
408 1845 605 1930 aequalitate
624 1845 779 1931 procedat
797 1850 830 1911 et
848 1845 1003 1913 resolutio
1023 1844 1204 1931 aequaliter
1222 1844 1333 1910 redeat

319 1955 420 2018 usqua
456 1933 496 1999 ad
534 1934 719 2019 monadem,
765 1956 847 2020 quae
888 1935 1079 2000 diuisionem
1127 1933 1334 2000 arithmetica

319 2023 444 2090 ratione
477 2045 542 2089 non
573 2025 703 2110 recipit,
739 2025 855 2089 merito
886 2028 1020 2110 propter
1051 2022 1219 2107 aequalem
1252 2023 1334 2088 diui-

321 2112 442 2177 sionem
480 2111 628 2176 Iustitiae
665 2133 784 2177 nomen
814 2113 946 2195 accepit,
978 2116 1012 2176 et
1047 2112 1123 2195 quia
1159 2134 1197 2175 ex
1235 2133 1334 2195 cupra

282 2216 307 2259 u
321 2199 417 2264 (lictis
441 2200 591 2264 omnibus
615 2202 759 2283 apparet,
782 2203 903 2284 quanta
921 2204 955 2264 et
977 2201 1120 2282 partium
1143 2220 1276 2264 auarum
1300 2203 1334 2262 et

323 2308 467 2352 seorsum
493 2307 552 2352 aua
574 2286 775 2370 plenitudine
797 2288 935 2369 nitatur,
958 2287 1028 2351 iure
1051 2287 1165 2371 plenus
1187 2289 1334 2351 uocatur.

420 2407 582 2493 Superest,
595 2412 633 2473 ut
646 2408 861 2493 septenarium
877 2430 1003 2493 quoque
1016 2430 1184 2473 numerum
1201 2409 1332 2493 plenum
1341 2408 1387 2475 Vl

322 2498 391 2563 iure
414 2496 621 2563 uocitandum
644 2499 728 2562 ratio
751 2497 784 2562 in
811 2496 916 2563 medio
936 2497 1116 2563 constitute
1133 2496 1333 2581 persuadeat.

325 2608 363 2653 ac
376 2585 518 2671 primum
537 2586 599 2651 hoc
613 2585 752 2651 transire
770 2586 839 2650 aine
854 2586 1069 2651 admiratione
1083 2608 1147 2651 non
1164 2607 1334 2670 possumus

284 2675 410 2762 nequod
431 2675 493 2739 duo
512 2674 637 2739 numeri
656 2674 711 2758 qui
730 2675 765 2739 in
788 2696 823 2739 se
846 2674 1054 2760 multiplicati
1074 2675 1173 2739 uitale
1193 2675 1334 2760 spatium

326 2765 386 2830 uiri
411 2764 506 2830 fortis
529 2763 732 2828 includerent
758 2785 796 2828 ex
820 2765 890 2846 pari
914 2767 948 2829 et
970 2764 1085 2846 impari
1114 2764 1336 2829 constiterunt.

325 2853 388 2919 hoc
411 2854 496 2918 enim
519 2873 594 2917 uere
617 2851 794 2937 perfectum
818 2856 882 2932 est,
910 2851 995 2937 quod
1023 2874 1062 2915 er
1090 2850 1205 2916 horum
1224 2873 1336 2916 nume-

326 2963 436 3005 rorum
467 2939 680 3024 permixtione
713 2943 896 3026 generatur.
945 2962 1020 3005 nam
1049 2939 1154 3024 imper
1185 2960 1336 3004 numerus

326 3051 395 3093 maa
420 3032 452 3092 et
475 3050 535 3112 por
553 3027 674 3092 semina
697 3033 840 3110 uocatur,
862 3028 940 3094 item
964 3027 1161 3092 arithmetici
1180 3026 1338 3111 imparem

285 3135 312 3176 rc
325 3116 429 3203 patria
452 3122 486 3181 et
508 3139 619 3201 parem
643 3117 756 3183 mutrie
776 3118 994 3201 appellatione
1018 3119 1223 3181 uenerantur.
1263 3115 1369 3183 hinnu

328 3209 361 3272 et
388 3206 539 3270 Timaeus
567 3205 715 3270 Platonis
743 3206 970 3271 fabricatorem
1002 3204 1184 3270 mundanae
1212 3203 1340 3269 animae

328 3296 422 3361 deum
446 3297 556 3379 partes
580 3295 648 3359 eius
672 3317 710 3360 ex
734 3293 806 3380 pari
829 3297 862 3359 et
885 3293 1003 3378 impari
1025 3294 1057 3358 id
1082 3295 1133 3359 est
1155 3292 1285 3378 duplari
1307 3297 1341 3357 et

327 3383 454 3468 triplari
468 3404 602 3448 numero
618 3384 845 3448 intertexuisse
856 3381 1057 3466 memorauit,
1072 3382 1120 3447 ita
1132 3384 1170 3446 ut
1184 3380 1342 3467 adupluri

327 3520 385 3529 u—

400 3593 556 3662 lquatuor
573 3592 602 3647 P
654 3595 823 3663 tapparmt
841 3592 864 3647 tr
881 3593 910 3647 Β
965 3592 991 3647 le
1011 3592 1062 3647 uel
1077 3591 1112 3648 Β
1168 3591 1341 3662 tplrytago·

329 3681 379 3720 τισι
398 3664 433 3728 Ρ,
451 3668 602 3733 prtagoncr
622 3667 649 3720 Β
730 3664 860 3735 lparer]
881 3663 964 3734 paret
1102 3661 1169 3718 aid
1187 3663 1242 3732 ort]
1261 3662 1291 3717 ιδ
1309 3663 1342 3731 P,

329 3753 380 3792 om.
400 3733 800 3802 B,deinde1ntrlbonaB
912 3734 1070 3808 equalitate
1087 3735 1116 3789 Β
1225 3739 1258 3788 10
1278 3750 1342 3789 con·

329 3809 405 3862 terro
428 3802 463 3860 1⁷
468 3806 495 3859 Β
586 3810 619 3860 la
643 3806 772 3860 moadern
795 3801 830 3859 B'
920 3804 1037 3861 drurlroa
1059 3802 1095 3859 Β
1186 3805 1343 3859 antmetrca

330 3879 447 3933 ralrodm
468 3876 495 3930 Β
561 3882 593 3931 lt
613 3876 711 3932 deorlir
731 3877 760 3931 Β
825 3880 858 3931 19
878 3876 987 3931 trallrre
1005 3878 1033 3931 Β
1101 3879 1268 3932 dmiratione
1286 3876 1345 3932 BP

331 3954 363 4003 21
384 3964 476 4018 inpari
496 3948 523 4001 Β
578 3953 611 4001 22
631 3964 711 4002 orum
725 3964 795 4003 corr.
810 3949 841 4002 in
856 3963 951 4003 eornm
965 3948 1039 4002 iuB
1089 3951 1301 4019 uspmutroem
1317 3950 1344 4003 Β

330 4027 366 4074 al
384 4018 451 4089 pnrl
465 4017 501 4071 Β’
573 4024 607 4073 25
627 4017 837 4089 aplpellatrodm
858 4020 886 4075 Β
953 4025 987 4074 26
1006 4018 1131 4073 thimeus
1143 4019 1177 4087 P,
1196 4017 1300 4074 timeat
1316 4021 1344 4073 Β

331 4095 560 4212 humanlprupra
577 4091 641 4144 odd.
663 4092 674 4141 l
694 4089 833 4161 mundane
853 4091 881 4144 Β
966 4095 1000 4144 27
1022 4089 1113 4160 inpari
1132 4090 1158 4143 Β
1244 4095 1279 4144 28
1296 4094 1343 4143 tn·

332 4177 408 4230 pram
1156 4195 1160 4203 -
