3322 5190
303 831 370 897 376
692 833 769 890 SAT.
784 833 882 889 LIBRI
900 833 939 890 v1

306 994 339 1058 id
368 998 418 1058 est
445 994 576 1059 adfixa
603 1000 637 1060 et
663 1017 721 1080 per
743 994 806 1061 hoc
828 994 992 1078 infesta,
1019 995 1082 1061 hoc
1105 996 1170 1060 iam
1194 994 1319 1059 dixerat

305 1081 450 1147 Lucilius
474 1083 509 1147 in
533 1081 617 1149 libro
641 1086 757 1168 quarto
782 1082 907 1149 decimo
932 1083 982 1149 hie
1007 1083 1154 1149 uersibus

353 1207 382 1272 si
410 1206 491 1272 mihi
518 1229 584 1273 non
611 1211 741 1293 praetor
768 1207 831 1273 siet
858 1208 987 1274 additus
1011 1212 1107 1293 atque
1131 1208 1320 1292 agitatus,

352 1317 420 1360 non
443 1295 529 1362 male
551 1297 598 1363 sic
620 1298 675 1362 ille
698 1301 736 1362 ut
758 1295 830 1362 dico
854 1319 906 1362 me
931 1301 1098 1362 exenterat
1120 1318 1211 1362 uuus.

277 1439 299 1504 3
353 1434 450 1502 Mane
474 1436 674 1502 salutantum
698 1437 776 1502 totis
800 1439 906 1502 uomit
928 1439 1062 1503 aedibus
1086 1436 1215 1502 undam.
1347 1459 1361 1500 1

308 1557 444 1643 pulchre
474 1560 595 1624 uomit
621 1559 759 1624 undam
786 1563 819 1624 et
847 1561 992 1645 antique,
1019 1582 1095 1626 nam
1118 1559 1246 1625 Ennius
1274 1557 1322 1622 ait

355 1683 389 1745 st
412 1680 538 1747 'liberis
561 1681 680 1747 flumen
703 1681 808 1747 uomit
831 1683 865 1747 iu
888 1705 976 1748 mare
1000 1683 1135 1765 salsum,

310 1804 396 1870 uude
415 1808 449 1869 et
467 1828 552 1871 nuuc
570 1807 781 1872 uomitoria
799 1806 833 1872 iu
853 1807 1047 1892 spectaculis
1067 1806 1214 1887 dicimus,
1237 1804 1323 1870 unde

312 1893 463 1959 homines
483 1893 691 1978 glomeratim
709 1895 927 1980 ingredientes
947 1896 980 1960 in
999 1893 1113 1959 sedilia
1128 1915 1162 1960 as
1176 1891 1323 1958 tundunt.

280 1985 451 2068 4sgmen
479 2004 537 2066 pro
566 1986 653 2048 actu
681 1986 714 2048 et
741 1982 855 2050 ductu
883 1980 1366 2069 quodampoucrenoniu·1o

313 2071 446 2157 elegans
470 2075 580 2137 estut

528 2197 593 2262 leni
617 2198 688 2262 fluit
712 2197 841 2284 agmine
863 2198 1014 2282 Thybris.

313 2321 414 2386 immo
439 2325 471 2384 et
494 2320 663 2404 antiquum
687 2325 750 2401 est,
774 2320 901 2385 Ennius
924 2321 1009 2385 enim
1033 2322 1066 2384 in
1090 2319 1204 2404 quinto
1227 2319 1275 2382 ait

360 2442 446 2526 quod
470 2463 529 2527 per
552 2463 721 2507 amoenam
740 2442 852 2509 urbem
871 2443 939 2507 leui
959 2444 1031 2508 fluit
1050 2443 1179 2527 agmine
1197 2440 1327 2505 flumen.

280 2565 400 2651 §quod
424 2567 471 2631 eil
1342 2588 1368 2628 11

530 2653 765 2736 crepitantibus
789 2673 881 2718 urere
904 2653 1056 2735 flammis,

314 2799 382 2842 non
404 2799 527 2842 nouum
551 2777 722 2861 usurpauit
746 2778 889 2863 uerbum,
914 2778 968 2842 sed
992 2777 1080 2861 prior
1100 2775 1268 2840 Lucretius
1293 2774 1326 2838 iu

317 2869 409 2931 sexto
433 2866 543 2950 posuit

360 3010 419 3054 nec
447 3010 499 3052 res
528 2988 598 3052 ulls
626 2989 729 3072 magis
757 3011 853 3072 quam
883 2989 1004 3053 Phoebi
1030 2989 1188 3071 Delphica
1215 2987 1326 3050 laurus

363 3076 500 3140 terribili
525 3074 633 3141 souitu
658 3077 787 3142 flamma
811 3079 989 3160 crepitante
1014 3081 1183 3140 cremetur.
1342 3099 1368 3138 ao

285 3223 306 3286 6
532 3216 614 3280 'sum
639 3217 760 3281 ferreus
784 3218 887 3282 hastis

360 3306 473 3371 horret
496 3326 580 3390 ager.

317 3431 451 3495 horret
487 3430 566 3492 mire
599 3450 634 3493 se
666 3428 774 3495 habet.
829 3428 884 3492 sed
918 3432 950 3491 et
983 3426 1108 3491 Ennius
1143 3427 1178 3489 in
1211 3429 1327 3509 quurto

317 3519 443 3583 decimo

388 3725 404 3772 3
424 3717 502 3772 XIIII
522 3724 554 3771 21
574 3716 640 3770 Luc.
660 3716 787 3770 hluelleri
843 3720 858 3767 ὁ
878 3715 978 3783 Georg.
998 3714 1023 3766 11
1043 3720 1093 3767 162
1145 3721 1159 3767 'l
1180 3720 1231 3766 468
1247 3711 1328 3767 Vahl.

317 3797 367 3843 141
387 3790 454 3844 huo.
474 3787 569 3842 Muell.
650 3795 681 3841 12
700 3788 769 3840 Aen.
788 3786 814 3839 II
833 3792 884 3839 782
967 3792 999 3838 14
1022 3792 1069 3838 177
1091 3784 1171 3838 Vahl.
1193 3789 1243 3835 176
1263 3783 1328 3836 Luc.

316 3859 411 3914 Muell.
503 3857 740 3926 lssGeorg.185
832 3856 992 3910 19111154
1083 3863 1114 3909 21
1136 3855 1204 3909 Aen.
1219 3854 1257 3906 XI
1276 3859 1326 3906 ool

388 4052 405 4099 4
424 4045 459 4099 111
479 4044 507 4097 Ρ
596 4044 740 4096 exenterat
766 4043 866 4111 scripsi
889 4043 1038 4108 (excuteret
1057 4040 1125 4095 Luc.
1147 4039 1328 4106 Muellerus):

316 4117 476 4171 extenterst
496 4115 524 4168 P
607 4112 746 4181 'Ityberri
765 4113 790 4165 P
871 4118 903 4165 12
923 4110 1012 4180 tybrrl
1029 4111 1056 4164 P
1136 4116 1167 4163 13
1186 4127 1215 4162 rn
1234 4124 1284 4162 om.
1304 4108 1333 4159 P

317 4192 352 4242 14
371 4186 487 4261 ementi
508 4185 536 4239 P
588 4190 619 4239 19
639 4184 738 4239 deifica
757 4184 785 4237 P
