3322 5190
481 837 507 897 V
524 842 631 896 it-tt
659 836 699 894 vl
717 841 786 893 1-s
1075 837 1142 905 429

129 997 298 1064 deliciante
330 999 512 1086 languescit
542 1003 576 1065 et
606 999 751 1084 periculo
781 999 821 1065 lit
854 996 1010 1086 propior?
1065 1002 1196 1068 nam30

128 1086 214 1153 sicut
236 1087 269 1152 in
291 1089 371 1152 mari
391 1088 627 1173 gubernatores
646 1092 745 1153 uento
764 1109 834 1172 suo,
857 1088 955 1153 eiiam
976 1089 1003 1154 si
1022 1089 1141 1154 nimius

128 1175 186 1260 sit,
218 1175 440 1242 contrahendo
473 1176 507 1242 ia
539 1177 697 1242 minorem
729 1175 860 1242 modum
893 1175 968 1241 uela
998 1179 1142 1260 praeter-

128 1261 241 1328 uolant
267 1268 300 1329 et
326 1263 454 1346 flatum,
486 1286 559 1330 cum
588 1269 638 1330 est
661 1265 778 1348 maior,
806 1267 969 1347 coercent,
998 1265 1142 1349 sopitum

101 1371 206 1423 suero
237 1352 379 1417 excitare
408 1374 475 1418 nou
507 1356 659 1438 possunt,
694 1352 743 1417 ita
775 1357 808 1418 et
837 1353 1038 1438 appetentia,
1069 1374 1143 1418 cum

128 1439 282 1505 titillatur
309 1446 343 1506 et
369 1441 498 1524 crescit,
525 1442 661 1507 rationis
689 1442 910 1526 gubernaculo
933 1443 1144 1526 temperatur,

128 1528 157 1595 si
184 1530 282 1594 semel
310 1529 476 1616 ceciderit,
503 1530 624 1596 animal
653 1531 859 1617 extinguitur.
905 1531 932 1596 si
962 1550 1040 1615 ergo
1069 1528 1194 1597 cibo.3l

128 1616 268 1683 uiuimus
292 1621 326 1682 et
347 1619 456 1685 cibum
480 1619 669 1705 appetentia
692 1619 764 1684 sola
786 1619 1005 1703 commendat,
1033 1617 1143 1685 elabo-

129 1705 265 1773 randum
286 1706 379 1773 uobis
398 1712 449 1774 est
466 1711 651 1775 commento
669 1709 849 1791 uarietatis,
867 1711 905 1774 ut
921 1707 1002 1775 haec
1016 1729 1144 1793 semper

91 1827 117 1869 re
129 1799 338 1882 prouocatur,
360 1820 434 1863 eum
458 1801 590 1883 praesto
613 1799 658 1864 sit
679 1799 774 1884 ratio,
799 1820 863 1883 qua
885 1798 975 1863 intra
997 1797 1144 1863 modera-

131 1885 231 1952 tionis
259 1907 338 1952 suae
366 1888 524 1953 terminos
548 1890 755 1972 temperetur.
801 1887 1014 1953 memineritis
1033 1887 1198 1952 tament?

131 1973 238 2059 lepido
262 1997 314 2041 me
333 1977 484 2042 conuiuio
503 1977 626 2061 adesse,
647 1998 713 2042 non
733 1977 839 2060 anxio,
862 1997 921 2041 nec
939 1975 986 2041 sic
1005 1975 1144 2041 admitto

130 2063 334 2146 uarietatem,
356 2069 393 2130 ut
411 2065 523 2129 luxum
541 2065 685 2149 probem,
709 2064 765 2130 ubi
784 2067 983 2149 quaeruntur
1001 2063 1145 2128 aestiuae

131 2151 223 2217 niues
247 2153 281 2216 et
302 2151 457 2217 hibernae
480 2175 573 2217 rosae
597 2157 639 2235 et,
661 2153 736 2216 dum
760 2153 866 2236 magis
885 2152 1028 2216 ostentui
1047 2172 1145 2235 quam

93 2239 206 2308 nusui
238 2241 391 2322 seruitur,
424 2241 580 2304 siluarum
613 2244 773 2304 secretum
801 2260 897 2304 omne
925 2240 1084 2304 lustratur
1111 2240 1145 2302 et

131 2327 304 2413 peregrina
327 2328 431 2393 maria
454 2328 681 2394 sollicitantur.
728 2329 775 2392 ita
797 2327 883 2391 enim
906 2327 959 2412 fit,
985 2329 1023 2392 ut
1045 2325 1144 2392 etiam

133 2415 161 2480 si
198 2417 370 2481 sanitatem
404 2418 601 2482 sumentium
634 2416 841 2482 mediocritas
874 2415 1048 2481 obseruata
1078 2435 1144 2480 non

133 2505 264 2589 sauciet,
287 2505 357 2590 ipse
380 2509 491 2571 tamen
514 2506 610 2572 luxus
632 2528 759 2572 morum
784 2505 829 2571 sit
851 2503 1041 2590 aegritudo?

223 2593 285 2659 llis
309 2595 533 2660 innutabiliter
556 2596 700 2679 exceptis
720 2594 869 2659 Disarius
892 2592 1079 2660 ‘obsecutus
1097 2590 1143 2657 es’
1155 2595 1197 2660 33

92 2711 121 2753 ιο
134 2681 240 2766 inquit
262 2681 437 2767 ‘Euststhi
460 2684 655 2764 dialecticae,
679 2704 740 2770 ego
759 2683 945 2748 medicinae.
981 2681 1036 2768 qui
1057 2681 1146 2748 uolet

134 2771 253 2856 eligere
281 2773 455 2856 sequenda,
486 2795 580 2837 usum
609 2773 772 2855 consulat,
800 2776 833 2836 et
859 2771 936 2856 quid
965 2770 1010 2837 sit
1032 2769 1145 2835 utilius

134 2858 279 2939 sanitati,
303 2860 503 2943 experientia
525 2858 674 2926 docebit!

222 2980 305 3047 Post
336 2981 416 3048 liaeo
442 2983 619 3049 Flauianus
652 2982 698 3048 ‘et
730 2983 813 3048 alios
845 2980 974 3068 quidem
1003 2979 1198 3046 medieosVl

133 3068 219 3135 idom
243 3070 385 3136 (licentes
410 3094 537 3157 sempor
560 3072 683 3158 audiui,
706 3073 816 3137 uinum
840 3073 926 3138 inter
949 3069 1054 3137 celida
1076 3091 1146 3136 ceu·

95 3188 120 3231 es
135 3160 278 3244 sendum,
302 3161 356 3226 sed
381 3165 415 3226 et
437 3185 521 3228 nunc
539 3161 731 3229 llustutlrius
751 3185 823 3228 cum
842 3183 957 3227 causas
976 3159 1146 3226 ebrietatis

135 3251 322 3337 attingeret,
335 3251 546 3337 praedicabat
559 3252 627 3317 uini
642 3253 794 3318 calorem.
829 3251 910 3317 mihi
925 3253 1035 3316 sutem
1050 3271 1147 3335 saepe

135 3340 196 3405 lroc
233 3362 358 3405 mecum
395 3341 560 3425 reputanti
593 3341 666 3407 uisa
697 3345 748 3407 est
780 3341 848 3406 uini
880 3344 1000 3405 nature
1031 3339 1147 3424 frigori

136 3429 267 3515 propior
299 3452 395 3513 quam
424 3431 538 3513 calori,
567 3433 599 3494 et
625 3430 660 3493 in
689 3430 831 3495 medium
858 3429 1002 3514 profero,
1033 3429 1148 3512 quibus

136 3517 176 3582 sd
204 3518 266 3583 hoc
294 3518 530 3583 aestimandum
560 3518 687 3601 trahor,
714 3521 751 3584 ut
778 3521 924 3583 uestrum
948 3516 992 3581 sit
1015 3516 1054 3581 de
1077 3537 1149 3581 mea

96 3605 362 3676 maestimatione
400 3606 563 3673 iudicium.
616 3608 743 3692 uinum,
780 3608 937 3691 quantum
974 3625 1048 3669 mea
1083 3603 1179 3671 fert‘t

136 3695 258 3778 opinio,
280 3695 365 3760 sicut
388 3699 505 3760 natura
528 3695 680 3780 frigidum
700 3698 760 3781 ost,
783 3696 830 3759 ita
853 3715 954 3778 capax
978 3693 1148 3757 ueletiam

137 3786 291 3866 appetens
311 3784 495 3866 ducatoris,
519 3805 591 3848 cum
611 3782 725 3847 calidis
744 3782 843 3846 fuerit
862 3782 1038 3846 admotum.
1071 3802 1149 3844 nam

139 3873 171 3933 et
194 3871 314 3932 ferrum
340 3893 412 3934 cum
437 3873 527 3934 tactu
552 3872 595 3935 sit
616 3869 771 3953 frigidum

138 3993 338 4003 -——---..-.-—-
346 3994 350 4002 ι

208 4061 394 4115 tcohercent
412 4061 440 4114 P
504 4059 665 4114 coemeret
683 4058 711 4112 P
770 4059 911 4128 extingunt
930 4058 958 4111 P
1020 4062 1053 4112 12
1072 4056 1108 4111 lrt
1126 4057 1153 4111 P

140 4134 172 4183 15
188 4130 305 4184 seruntur
318 4147 368 4187 om.
386 4131 419 4200 P,
434 4131 499 4185 odd.
515 4129 594 4186 Oant.
651 4136 682 4183 17
699 4127 816 4184 sanitate
826 4128 855 4182 P
907 4132 939 4182 lt
949 4125 1119 4196 obsequutnl
1125 4127 1153 4182 P

140 4205 174 4253 22
189 4203 364 4271 expertentra
380 4203 407 4255 P
442 4200 661 4255 tomeaomP
701 4199 853 4255 ticuelP
887 4198 1152 4259 sericam.:÷1’
