3322 5190
332 821 395 886 128
724 821 799 879 ΕΔΤ.
818 822 916 878 LIBRI
935 821 947 875 I

396 981 534 1048 κέκλυθι
556 986 739 1069 τηλεπόρου
763 985 858 1067 δίνης
881 982 1054 1066 ἑλικαύγεα
1077 983 1200 1048 κύκλον

397 1071 567 1156 οὐρανίαις
590 1069 803 1155 στροφάλιγξι
825 1074 1027 1155 περίδρομον
1050 1066 1122 1136 ulte
1146 1068 1297 1155 ἑλίσσων,

396 1154 497 1244 ἀγλαὲ
522 1163 588 1224 Ζεῦ
611 1163 769 1242 Διόνυσε,
791 1156 893 1244 πάτερ
916 1155 1177 1243 undecentesimo
1202 1165 1287 1243 αἴης,

387 1247 484 1313 Ἥλιε
506 1246 708 1333 παγγενέτορ
731 1250 908 1313 πανιαίολε
931 1245 1185 1335 χρυσεοφεγγίςῖ

276 1369 403 1436 XXIIII
475 1370 538 1436 Hic
561 1393 633 1436 cum
655 1370 883 1436 Praetextatus
905 1371 1035 1436 fecisset
1058 1371 1210 1456 loquendi
1232 1372 1341 1450 finem,
1368 1399 1380 1437 ι

330 1480 440 1526 omnes
469 1460 502 1523 iu
531 1480 603 1523 eum
632 1460 746 1524 adfixis
771 1460 914 1523 uultibus
936 1459 1185 1524 admirationem
1209 1462 1341 1541 stupore

328 1546 517 1633 prodebant.
567 1545 641 1611 dein
668 1547 801 1612 laudare
829 1546 883 1612 hie
909 1547 1116 1631 memoriam,
1142 1547 1198 1611 ille
1222 1545 1340 1610 doctri·

328 1658 418 1720 nam,
446 1636 553 1700 cuncti
576 1636 780 1720 religionem,
806 1634 1015 1700 adfirmantes
1037 1636 1125 1700 hunc
1148 1657 1218 1700 esse
1242 1657 1341 1699 unum

330 1746 466 1790 arcanae
494 1725 626 1788 deorum
653 1728 790 1789 naturae
817 1725 995 1808 conscium,
1027 1724 1083 1807 qui
1111 1724 1201 1789 solus
1229 1724 1341 1788 ‹liuiua

299 1813 364 1878 iet
386 1811 519 1897 adsequi
539 1813 647 1876 auimo
672 1816 704 1876 et
723 1813 829 1897 eloqui
849 1818 961 1895 posset
979 1812 1120 1895 ingenio.
1156 1814 1242 1876 inter
1260 1812 1341 1876 liaeo
1356 1841 1381 1880 io

328 1900 514 1984 Euangelus
541 1899 713 1982 ‘equidem’
741 1900 847 1984 inquit
870 1900 983 1963 ‘miror
1006 1900 1150 1982 potuisse
1173 1903 1340 1963 tantorum

328 1991 524 2073 potestatem
547 1989 715 2051 numinum
739 1986 977 2070 comprehendi,
1002 2008 1113 2051 uerum
1138 1987 1223 2072 quod
1248 1986 1340 2051 Maii·

330 2081 466 2142 tuanum
484 2079 632 2140 nostruin
652 2075 692 2140 ad
712 2076 851 2160 singula,
869 2096 942 2139 oum
961 2074 1000 2139 de
1019 2073 1136 2139 diuinis
1155 2097 1261 2140 sermo
1281 2079 1341 2155 est,

329 2168 448 2230 testem
476 2164 598 2247 citatis,
631 2164 807 2250 gratiosius
835 2168 897 2245 est,
930 2184 1026 2248 quam
1059 2167 1096 2226 ut
1123 2163 1241 2228 iudicio
1270 2163 1340 2228 fieri

299 2250 471 2337 3putetur.
507 2274 549 2317 an
573 2274 633 2337 ego
655 2250 784 2318 credam
803 2253 888 2338 quod
907 2253 972 2338 ille,
995 2274 1067 2317 cum
1087 2251 1206 2317 diceret
1223 2252 1340 2317 Liber
1355 2279 1380 2320 is

329 2355 365 2406 et
388 2342 487 2407 alma
506 2339 620 2406 Ceres
643 2363 703 2427 pro
727 2342 795 2406 sole
817 2363 856 2406 ae
879 2341 966 2424 luna,
988 2362 1054 2405 non
1071 2340 1134 2405 hoo
1152 2342 1184 2405 iii
1204 2341 1339 2406 alterius

329 2435 446 2515 poetae
464 2430 681 2494 imitationem
701 2429 819 2514 posuit,
841 2430 889 2494 ita
908 2429 970 2494 dici
989 2428 1133 2514 audiens,
1156 2451 1212 2493 cur
1229 2432 1339 2493 tamen

298 2515 488 2584 ‘idiceretur
514 2518 691 2602 ignorans?
736 2518 799 2583 nisi
827 2519 910 2583 sorte
938 2520 974 2582 ut
997 2517 1112 2582 Graeci
1142 2518 1251 2582 omnia
1279 2541 1339 2582 sua

329 2607 363 2672 in
381 2607 565 2670 inmensum
583 2606 713 2689 tollunt,
731 2628 791 2671 nos
811 2627 938 2691 quoque
958 2607 1055 2670 etiam
1075 2610 1188 2690 poetas
1207 2611 1339 2672 nostros

330 2696 481 2760 uolumus
500 2695 732 2780 philosophari,
750 2718 823 2760 cuui
843 2696 911 2780 ipse
925 2694 1062 2775 Tullius,
1081 2694 1135 2781 qui
1152 2717 1218 2760 iioii
1231 2697 1339 2761 iiiiiius
1354 2733 1381 2766 ιο

329 2785 494 2872 professus
524 2788 575 2850 cst
602 2785 852 2871 philosophandi
881 2785 1021 2850 studium
1050 2808 1146 2870 quani
1176 2786 1340 2871 loqiieiidI,

330 2876 479 2962 quotiens
512 2879 569 2939 aut
600 2876 639 2940 de
666 2879 784 2941 notura
811 2875 942 2940 deorum
971 2878 1028 2941 aut
1054 2875 1092 2940 de
1120 2874 1187 2941 luto
1217 2880 1275 2943 aut
1300 2877 1339 2941 de

330 2964 529 3029 diuinatione
548 2963 701 3048 disputat,
725 2965 871 3049 gloriam,
891 2987 987 3047 quani
1007 2964 1153 3029 oratione
1173 2965 1339 3047 conflauit,

329 3052 496 3117 incondita
518 3074 624 3116 rerum
648 3052 802 3117 relatione
826 3051 972 3116 miuuat'.

299 3139 321 3201 5
419 3139 500 3203 'Iuni
534 3137 745 3222 Symmachus
783 3139 833 3202 ‘de
866 3138 1032 3221 Cicerone,
1065 3139 1247 3225 Euangele,
1285 3141 1381 3224 quiae

331 3227 485 3292 conuiciis
503 3228 749 3311 inpenetrabilis
769 3232 828 3311 est,
850 3233 926 3312 post
943 3227 1135 3312 uidebimus,
1158 3250 1242 3293 nunc
1262 3229 1339 3312 quia

331 3338 403 3382 cum
436 3314 570 3381 Marone
601 3317 695 3381 nohis
728 3317 895 3401 negotium
928 3321 990 3398 eat,
1027 3317 1222 3402 respondeas
1255 3317 1341 3396 uolo,

330 3408 439 3470 utrum
469 3407 582 3489 poetae
610 3404 705 3470 huius
730 3428 828 3490 opera
851 3404 1055 3471 instituendis
1080 3411 1208 3472 tantuin
1233 3409 1341 3489 pueris

330 3493 447 3558 idonea
478 3494 612 3577 iudices,
645 3517 685 3558 an
719 3495 784 3559 elia
815 3494 881 3558 illis
909 3495 1027 3558 altiora
1053 3495 1158 3558 inesse
1186 3496 1341 3560 fatearis?

402 3685 577 3740 ΙΚΕΚΑΥΘΙ
597 3685 629 3751 Ρ,
649 3686 806 3740 ΚΕΚΛΥΘΥ
825 3685 852 3737 Β
916 3684 1015 3739 ΔΙΝΕ(
1034 3685 1063 3738 Β
1122 3686 1341 3757 ΕΛλΚΑΠΕΛΡ,

330 3755 543 3809 carasseon
633 3754 957 3822 aciaooaaii'3113
1047 3756 1251 3810 ΠΕΡΙΔΡΟΜΟ
1275 3757 1342 3821 ΒΡ,

329 3827 426 3879 aloitide
445 3827 543 3878 ΗΛΙΕΝ
563 3827 596 3896 Ρ,
616 3828 711 3880 ΗΑΙΕΝ
731 3827 759 3880 Β
815 3826 962 3880 ΕΛΙ(οωΝ
981 3826 1009 3878 Β
1064 3832 1079 3878 3
1099 3829 1186 3880 uitia
1205 3828 1272 3880 ΖΕΥ
1288 3829 1344 3881 ΒΡ

329 3896 514 3949 ΔΥΟΝΥίε·
538 3896 564 3948 Ρ
614 3898 744 3952 ΠΟΝΤΟΙ
764 3897 791 3950 Β
841 3898 914 3951 alu(
934 3897 960 3948 B
1008 3898 1134 3951 4ΠΑΝΓ
1136 3898 1273 3952 ΕΝΕΤλιλΡ
1286 3900 1344 3952 ΒΡ

328 3967 391 4020 Πὰν
411 3968 486 4020 αἱόλε
505 3967 598 4023 Hono.
668 3968 761 4021 tsine
781 3969 914 4037 loquendi
934 3967 962 4021 P
1022 3968 1195 4023 aarcbanae
1214 3969 1242 4022 B
1308 3975 1341 4022 10

329 4036 433 4105 assequi
453 4039 480 4092 Β
537 4045 568 4092 ie
588 4039 751 4093 immensum
771 4040 800 4092 P
847 4045 882 4093 20
901 4055 964 4092 cum
984 4070 1017 4079 -
1037 4038 1173 4107 protessus
1187 4039 1229 4093 cst
1247 4040 1340 4109 philo-

330 4106 439 4176 lophari
456 4111 510 4178 (ita
528 4110 599 4175 BP)
618 4127 668 4167 σοι.
689 4108 723 4164 Β’
796 4115 831 4164 26
846 4109 1012 4165 simmachus
1028 4111 1092 4164 BP
1158 4118 1191 4166 26
1211 4111 1344 4166 conuitiis

329 4179 547 4247 impenetrabili!
567 4182 595 4235 Β
650 4189 683 4236 28
703 4183 812 4236 tantum
832 4199 882 4238 oia.
902 4181 930 4234 P
