3322 5190
332 871 376 935 54
733 868 808 924 she.
827 868 927 924 LIBRI
945 870 958 924 I

334 1030 437 1097 seruis
467 1032 629 1114 liberetis,
660 1030 799 1114 dataque
827 1030 959 1094 ciuitate
986 1029 1164 1113 peregrinis
1192 1031 1226 1093 et
1252 1027 1347 1093 laetis

334 1119 454 1185 tabulis
478 1120 582 1203 nouis,
604 1118 732 1183 hostem
755 1119 915 1183 sustinere
937 1121 1119 1201 potuerunt

281 1206 325 1273 34
425 1207 649 1274 Cleomenes
675 1205 963 1289 Lacedaemonius,
991 1227 1064 1270 cum
1088 1204 1176 1270 mille
1199 1209 1232 1269 et
1255 1205 1347 1289 quiu-

334 1297 424 1382 genti
448 1297 509 1361 soli
533 1295 792 1378 Lacedaemonii,
821 1297 876 1379 qui
900 1317 991 1359 arma
1013 1293 1097 1359 terre
1119 1297 1266 1377 possent,
1294 1315 1348 1357 su·

331 1384 542 1469 perfuissent,
567 1407 606 1448 ex
631 1386 733 1449 seruis
757 1406 855 1448 mauu
878 1383 987 1448 missis
1010 1383 1204 1448 bellatorum
1228 1403 1346 1446 nouem
1375 1408 1387 1446 s

332 1473 422 1537 milis
444 1472 646 1555 conseripsit.

421 1559 683 1625 Athenienses
705 1579 833 1643 quoque
851 1559 1053 1642 consumptis
1071 1557 1209 1641 publicis
1228 1556 1346 1640 opibus

334 1647 437 1712 seruis
460 1648 645 1712 libertatem
669 1647 835 1711 dederuut.

278 1735 323 1801 35
420 1735 469 1799 Ac
497 1757 537 1800 ue
565 1737 600 1799 in
628 1737 698 1800 solo
726 1733 812 1798 uirili
841 1756 917 1798 sexu
946 1735 1098 1798 aestimes
1121 1733 1207 1796 iuter
1230 1753 1344 1796 seruos

332 1823 479 1888 extitisse
502 1823 651 1906 uirtutes,
674 1823 784 1907 accipe
803 1823 994 1887 ancillarum
1012 1821 1134 1886 factum
1153 1842 1217 1884 non
1236 1821 1345 1885 minus
1361 1848 1386 1884 ω

332 1911 552 1994 memorabile,
574 1932 633 1976 nec
657 1933 720 1995 quo
744 1911 855 1975 utilius
879 1911 925 1974 rei
944 1909 1093 1994 publicae
1111 1911 1146 1972 iu
1165 1909 1234 1972 ulla
1253 1907 1345 1971 nobi·

279 1999 322 2065 eo
332 1997 427 2064 litate
447 2001 621 2084 repperias.
656 1998 761 2064 Nouis
784 1999 875 2064 Iuliis
899 1998 985 2063 diem
1007 1997 1126 2063 fastum
1150 2018 1221 2062 esse
1244 1997 1345 2061 aneil-

332 2086 436 2153 lurum
464 2093 532 2154 tam
557 2089 656 2172 uulgo
680 2093 792 2153 notum
816 2095 880 2172 est,
907 2093 944 2153 ut
966 2108 1025 2152 uec
1048 2088 1141 2172 origo
1165 2108 1224 2152 nee
1247 2107 1346 2150 causa

331 2176 531 2243 celebritatis
564 2179 678 2262 ignota
710 2178 762 2243 sit
813 2178 928 2242 lunoni
955 2179 1041 2241 enim
1068 2174 1264 2261 Osprotiuae
1292 2175 1346 2240 dia

331 2266 389 2330 illo
417 2267 539 2331 liberae
565 2267 687 2350 pariter
715 2265 915 2350 ancillaeque
938 2266 1122 2329 sacrificant
1144 2265 1204 2329 sub
1227 2265 1345 2329 arbore
1361 2287 1385 2326 ιε

330 2355 482 2438 caprifico
519 2355 552 2418 iu
589 2355 779 2418 memoriam
817 2353 977 2438 benignae
1015 2353 1162 2436 uirtutis,
1198 2374 1279 2436 quae
1312 2354 1347 2416 in

330 2442 520 2507 ancillarum
548 2442 666 2507 animis
696 2464 755 2525 pro
784 2441 1033 2506 conseruatione
1061 2440 1209 2524 publicae
1238 2440 1346 2523 digni-

277 2529 408 2595 tiltatis
425 2553 446 2594 a
471 2531 588 2615 paruit
625 2551 701 2594 nam
724 2533 801 2613 post
823 2531 937 2594 urbem
960 2534 1092 2612 captam
1116 2550 1189 2593 eum
1214 2528 1346 2593 sedatus

330 2621 418 2683 esset
439 2553 583 2683 hellinus
607 2622 724 2702 motus,
746 2641 798 2683 ree
821 2618 953 2703 publiea
975 2639 1054 2683 uero
1076 2622 1164 2682 esset
1186 2616 1227 2682 ad
1250 2621 1346 2682 tenue

330 2705 476 2791 deducte,
498 2707 631 2771 liuitimi
654 2708 910 2791 oportunitatem
935 2706 1107 2772 inuadendi
1126 2705 1267 2770 Romani
1290 2728 1346 2770 uo
1360 2730 1385 2767 so

330 2795 427 2861 miuis
459 2797 611 2880 aucupati
645 2800 870 2880 praefecerunt
897 2797 959 2861 sihi
987 2796 1189 2860 Postumium
1217 2794 1347 2860 Ieiuium

328 2882 534 2950 Fidenatium
558 2884 759 2969 dictatorem,
782 2887 838 2969 qui
862 2885 1024 2950 mandatis
1043 2885 1083 2949 ad
1103 2889 1251 2949 senatum
1271 2886 1346 2948 mis·

330 2971 375 3036 sis
407 2973 590 3057 postulauit
622 2978 672 3055 ut,
703 2974 731 3037 si
764 2973 885 3038 uellent
914 2974 1068 3057 reliquias
1096 2994 1174 3037 suso
1201 2974 1346 3037 ciuitatis

330 3077 479 3145 mauors,
509 3061 773 3127 matresfamilias
805 3062 868 3126 eibi
900 3067 934 3125 et
965 3061 1107 3146 uirgines
1139 3061 1346 3144 dederentur;

277 3147 320 3214 88
331 3169 467 3234 cumque
486 3155 595 3233 putres
614 3155 724 3213 assent
740 3151 773 3213 in
788 3150 924 3233 ancipiti
938 3149 1172 3214 deliberatione
1186 3151 1345 3233 suspensi,
1359 3171 1385 3211 re

330 3237 451 3302 ancilla
472 3240 605 3302 uomina
626 3237 765 3302 ‘Patala
793 3259 849 3302 seu
872 3236 1043 3303 Philotis
1065 3239 1212 3322 pollicita
1235 3244 1287 3302 est
1309 3260 1345 3302 se

329 3346 403 3389 cum
427 3327 542 3391 esteris
567 3326 692 3391 aucillis
715 3326 775 3390 sub
796 3326 929 3391 nomine
948 3326 1151 3391 dominarum
1170 3326 1212 3390 ad
1229 3326 1345 3390 hostes

330 3413 457 3495 ituram,
477 3414 657 3498 halrituqua
675 3415 960 3480 matrumfamilias
978 3421 1012 3479 et
1030 3417 1192 3499 uirginum
1211 3422 1345 3498 sumpto

329 3500 478 3568 hostibus
501 3525 573 3567 cum
598 3504 859 3587 prosequentium
884 3504 1028 3567 lacrimis
1046 3503 1088 3567 ad
1106 3503 1200 3566 tidem
1219 3503 1344 3567 doloris

277 3588 479 3675 lltliugastae
497 3597 582 3655 silut
619 3613 700 3676 quae
720 3614 793 3656 cum
812 3614 833 3656 a
847 3591 940 3656 linio
959 3591 994 3655 in
1013 3592 1130 3655 eastris
1148 3591 1344 3656 distributae
1358 3612 1384 3650 ao

331 3679 478 3762 tuissent,
495 3681 582 3745 uiros
596 3680 735 3764 plurimo
749 3681 826 3744 uitro
841 3685 1110 3763 pmuocauerunt,
1123 3679 1208 3743 diem
1222 3681 1344 3744 festum

331 3769 417 3851 apruni
445 3791 480 3834 se
505 3792 575 3834 esse
599 3770 799 3835 simulantes
844 3769 961 3854 quibus
984 3771 1143 3855 soporatis
1165 3790 1204 3833 ex
1228 3769 1345 3834 arbore

401 3941 653 3999 tlaoxlemouu
668 3944 696 3997 P
777 3952 793 3998 t
813 3944 997 4007 lepodemum.
1017 3945 1046 3998 Ρ
1127 3946 1303 4014 lampenas
1317 3947 1345 4000 Β

333 4012 587 4082 ltttuulguoae
611 4011 647 4067 l’'
708 4015 872 4069 &causali
932 4014 1191 4087 leheldeaeP'
1250 4023 1283 4070 1⁵
1303 4016 1344 4071 hb

330 4085 362 4139 ia
380 4082 468 4156 latrem
492 4088 522 4139 ia
547 4103 601 4140 naa
626 4088 655 4140 ia
682 4087 707 4140 l*
772 4092 904 4156 aperitet
921 4086 950 4141 P
1019 4092 1050 4141 lt
1078 4087 1288 4142 mechaeae
1317 4091 1345 4143 B

329 4160 364 4208 tl
384 4155 616 4212 semermium
636 4157 698 4211 ΒΡ
767 4166 802 4212 aa
820 4159 948 4213 tutulat
1020 4164 1054 4212 21
1074 4157 1300 4213 elaeommrum
1317 4161 1345 4213 B

330 4229 365 4280 88
385 4224 473 4280 lanuto
493 4228 522 4281 Β
588 4234 620 4282 δι
642 4228 764 4297 piune·
783 4226 816 4283 b*
