3322 5190
251 411 315 478 192
630 408 707 468 ΕΔΤ.
727 409 824 466 mam
841 409 882 465 111

249 574 379 641 eodem
411 573 485 659 dia,
516 593 588 726 zuo
620 573 733 639 aedas
763 573 883 658 ipsas,
916 573 1088 642 dedicari
1118 574 1261 657 solent,

249 662 346 729 unda
374 683 501 727 mansa
556 682 600 727 oa
625 661 705 727 ritu
732 661 911 728 dedicata
941 662 1148 748 intemplo
1172 684 1260 728 arae

219 758 357 824 'insum
389 754 426 817 et
456 748 685 835 religionem
717 751 871 835 optinet
902 750 1132 836 puluinaria.
1183 771 1261 834 ergo

251 841 336 927 apud
355 838 543 906 Euandrum
562 838 691 924 quidem
715 839 754 904 fit
775 839 863 905 iusta
884 839 1011 926 libatio,
1035 840 1153 925 quippe
1176 839 1261 924 apud

250 953 323 998 eam
360 950 504 996 mensem
542 950 623 1014 quaa
660 949 733 993 cum
764 951 822 994 ara
853 928 996 996 Maxima
1028 951 1118 996 mora
1150 929 1302 1015 utiquea

251 1020 416 1107 religionis
444 1018 551 1083 fuerat
578 1017 725 1083 dedicata
752 1021 787 1082 at
813 1019 846 1082 iu
874 1019 947 1085 luco
971 1021 1101 1085 saerata
1123 1023 1158 1083 st
1178 1018 1264 1084 inter

250 1110 262 1176 i
287 1131 324 1175 sa
351 1128 456 1184 saera,
484 1107 518 1170 in
546 1106 664 1189 quibus
692 1105 919 1191 epulabantur3
947 1107 981 1170 in
1010 1106 1161 1172 conuiuio
1184 1127 1262 1172 uero

251 1131 403 1276 liidonis
439 1194 525 1278 quod
562 1199 690 1259 tantum
727 1196 852 1279 regium
886 1199 1028 1278 conant,
1063 1218 1129 1260 non
1162 1196 1260 1259 etiam

251 1308 379 1354 sacrum
409 1283 524 1365 fuisse,
554 1283 639 1367 apud
667 1283 842 1347 humanam
873 1305 1018 1348 mensam
1048 1284 1081 1347 in
1111 1283 1262 1365 triclinio,

251 1395 319 1442 uon
346 1376 381 1438 in
404 1371 540 1455 templo,
567 1372 642 1454 quia
670 1392 734 1434 non
758 1376 829 1435 arat
851 1373 1005 1456 religiosa
1028 1372 1083 1436 ssd
1106 1379 1262 1454 usurpata
1277 1403 1302 1439 ιο

253 1463 377 1546 libatio,
400 1460 502 1524 solnm
527 1458 606 1522 feeit
628 1457 746 1522 libasse
769 1460 929 1542 reginam,
952 1460 986 1522 in
1010 1459 1099 1524 euius
1123 1480 1262 1543 persona

252 1551 343 1619 nulls
361 1546 596 1615 obseruationis
615 1545 791 1611 necessitas
810 1551 843 1610 et
861 1547 964 1611 multa
982 1546 1022 1611 ad
1040 1546 1260 1631 usurpandum

220 1642 285 1714 8in
309 1640 472 1727 potestate
494 1633 674 1718 permissio.
720 1637 756 1698 at
778 1655 855 1700 uero
879 1633 931 1699 hie

933 1779 1046 1824 omnes

353 1852 386 1917 in
410 1868 554 1915 mensam
579 1846 657 1911 laeti
682 1846 788 1911 libant
810 1846 966 1932 diuosque
989 1850 1172 1931 precantur„
1278 1878 1302 1915 ,ὅ

250 1978 339 2068 quis,
369 1972 454 2060 quod
485 1974 571 2035 reete
600 1969 669 2033 fieri
696 1974 834 2036 nouerat
861 1971 903 2034 ab
932 1971 1081 2035 omnibus
1110 1970 1206 2035 simul
1229 1972 1262 2035 iu

250 2065 373 2151 templo
416 2057 638 2143 epulantibus,
683 2061 716 2120 st
758 2058 813 2120 uni
854 2062 1000 2123 saeratae
1041 2057 1262 2124 adsidentibus

218 2166 239 2231 t!
255 2174 384 2225 mansas
407 2148 530 2214 factum
554 2167 624 2211 essa
647 2146 849 2210 memorauit.
894 2145 934 2210 da
956 2146 1013 2210 illo
1036 2150 1144 2211 autam
1168 2168 1263 2211 uersu

374 2274 425 2343 eni
449 2276 484 2338 tu
508 2271 593 2336 lacta
616 2269 711 2334 fanos
735 2273 768 2334 et
791 2269 864 2333 miti
887 2269 974 2335 dilue
997 2267 1139 2354 Baccho,

250 2405 374 2499 pauida,
402 2397 487 2488 quod
516 2396 600 2463 male
624 2397 809 2480 accusetur,
833 2395 1011 2462 absoiuam.
1056 2399 1154 2481 poeta
1177 2395 1261 2460 euim
1276 2427 1302 2464 eu

250 2518 351 2585 usqua
381 2494 415 2560 in
446 2488 542 2555 rebus
574 2486 740 2551 doetrinae
771 2491 804 2549 et
834 2487 867 2552 in
897 2486 1006 2552 uerbis
1034 2488 1174 2551 sectator
1201 2486 1262 2550 ele-

275 2586 396 2668 uutian,
438 2581 542 2644 scians
580 2571 690 2640 Generi
732 2575 837 2640 mulso
874 2575 982 2653 libari,
1024 2574 1143 2639 adiecit
1177 2575 1262 2639 miti

251 2609 403 2745 inustio
424 2670 533 2734 sanos
553 2664 658 2729 dilus
677 2663 800 2727 scilicet
817 2663 985 2727 mitescere
1009 2663 1119 2726 uinum
1143 2661 1262 2745 dicens,

203 2777 324 2841 luuuu
346 2760 483 2829 uiiuisuiu
504 2752 648 2837 coeperit
665 2751 746 2817 fieri.
790 2774 865 2816 nam
890 2751 937 2815 ita
959 2751 1013 2816 hia
1035 2750 1126 2815 mite
1149 2750 1260 2815 uinum

251 2853 343 2937 dixit,
366 2855 402 2916 ut
425 2845 502 2913 alibi
526 2844 573 2908 ait
596 2840 777 2905 domitum
1275 2867 1301 2906 25

339 2981 372 3044 et
395 2971 508 3038 durum
533 2963 652 3030 Bacchi
675 2964 838 3029 domitura
861 2983 1018 3047 saporem.

252 3110 362 3174 uadunt
395 3100 501 3165 eutem
531 3112 602 3156 asse
633 3110 698 3153 nou
728 3087 924 3170 diffitebere,
953 3087 1042 3171 'quod
1073 3110 1100 3152 a.
1124 3087 1153 3151 d.
1183 3087 1261 3151 duo·

326 3357 355 3407 tt
377 3348 443 3405 deu
460 3337 522 3396 vill
543 3341 595 3393 ΝΘ
649 3340 683 3389 26
704 3332 802 3402 Georg.
822 3332 874 3385 1111
895 3338 945 3387 102

325 3577 415 3639 uuile
438 3577 462 3632 ι’
551 3568 618 3623 {blut
637 3565 675 3620 P'
762 3562 951 3617 sobunetP
1038 3558 1258 3618 en1c111100P'

254 3665 281 3715 ῃ
303 3599 383 3712 unuani*
403 3648 427 3705 u
492 3649 524 3698 1⁰
544 3656 615 3695 autu
634 3637 662 3691 P
722 3634 812 3688 bacho
831 3632 870 3720 P,
918 3638 952 3686 2³
972 3632 1062 3687 bacho
1081 3633 1109 3686 P
1174 3634 1261 3687 nutis-

251 3742 312 3784 ,ψῃ
336 3724 359 3781 2⁸
420 3722 453 3773 tt
473 3717 581 3840 uivida
601 3709 628 3763 Ρ
690 3711 724 3761 25
743 3704 813 3759 dicut
833 3703 860 3756 P
931 3709 964 3757 26
985 3703 1067 3757 bactu
1087 3704 1114 3757 P
1171 3709 1203 3759 2?
1225 3704 1261 3758 sd

250 3802 323 3855 duuu
347 3790 399 3851 dt·
453 3784 486 3841 ii
