3442 5190
368 870 435 940 648
595 869 710 932 ouum
728 869 770 928 ill
788 867 898 930 SOlssl.
916 868 1004 929 scm.
1022 868 1121 930 umal
1132 870 1161 929 11

368 1036 466 1107 facile
488 1036 664 1124 repperies,
689 1034 788 1105 sirei
810 1032 986 1126 inuisibilis
1008 1039 1135 1104 motum
1157 1036 1229 1105 sins
1251 1041 1384 1107 auctore

371 1128 470 1212 atque
504 1123 580 1192 ideo
611 1124 682 1191 sine
712 1123 807 1192 initio
839 1143 878 1191 ao
908 1121 979 1190 eine
1010 1124 1075 1190 tine
1105 1123 1318 1212 prodeuntem
1342 1129 1385 1210 ,et

308 1263 315 1281 .
370 1216 479 1282 catera
503 1216 688 1279 mouentem
716 1214 827 1280 menta
854 1212 1032 1297 concipias,
1058 1214 1111 1280 cui
1135 1213 1219 1281 nihil
1242 1214 1384 1282 similius

371 1301 411 1368 de
444 1299 628 1368 nisibilibus
658 1322 757 1388 quam
788 1299 864 1368 fona
894 1299 1040 1387 potuerit
1069 1302 1217 1456 reperiri,
1249 1303 1306 1388 qui
1335 1303 1385 1370 ita

370 1388 566 1482 principium
592 1392 645 1456 est
669 1409 787 1475 equae,
813 1392 851 1456 ut
877 1408 952 1456 cum
976 1389 1015 1455 dc
1037 1410 1074 1456 ae
1119 1390 1213 1459 unios
1236 1393 1272 1458 et
1292 1391 1383 1458 lacus
1411 1407 1427 1451 a

370 1481 532 1566 procreet,
559 1477 698 1545 anullo
724 1477 815 1545 nasci
840 1477 911 1563 ipse
936 1474 1077 1563 dicatur,
1102 1499 1179 1545 nam
1200 1478 1231 1547 si
1253 1477 1296 1547 ab
1318 1480 1384 1548 alio

317 1568 573 1653 24uaaccretur,
599 1586 666 1631 non
693 1569 780 1633 esset
807 1566 875 1648 ipse
897 1564 1104 1652 principium.
1147 1570 1182 1634 et
1202 1567 1289 1634 sicut
1308 1567 1384 1634 tous

371 1651 1178 1809 til:redditidldtllllutldi
1194 1658 1307 1809 nd}
1328 1654 1386 1809 23}

552 1790 561 1823 2

371 1826 505 1915 Tanais,
531 1831 566 1896 et
593 1829 790 1896 utiliorum
816 1828 1027 1921 rapacitatem
1053 1829 1194 1898 uidsudo
1220 1829 1384 1898 admirans
1398 1847 1428 1891 ro

373 1921 407 1985 et
441 1918 530 1985 iutra
564 1938 600 1986 se
635 1920 803 1984 tantarum
839 1937 996 2004 aquarum
1028 1918 1188 2005 originem
1218 1919 1385 2005 requirens

373 2004 573 2092 cogitatione
594 2005 733 2073 recurris
756 2003 797 2072 ad
819 2002 943 2071 foumm
960 2008 996 2072 et
1010 2003 1097 2073 hunc
1113 2026 1242 2072 omnem
1260 2010 1385 2074 motum

373 2093 539 2182 intellegis
575 2092 615 2161 de
649 2092 756 2181 primo
791 2091 1018 2180 scaturriginis
1054 2115 1186 2162 manare
1216 2092 1386 2182 principio,

374 2183 424 2251 ita
454 2204 528 2250 cum
560 2203 732 2270 corporum
763 2185 903 2269 motum,
938 2203 997 2250 seu
1027 2181 1138 2251 diuina
1167 2204 1226 2252 seu
1257 2188 1386 2251 terrena

375 2272 449 2354 siut,
470 2270 703 2341 considerando
724 2291 878 2359 quaerere
895 2269 980 2339 torte
998 2275 1164 2340 auctorem
1181 2272 1274 2360 uelis,
1291 2295 1384 2342 mens
1398 2292 1427 2336 rs

374 2365 432 2430 tua
472 2360 514 2430 ad
555 2361 698 2430 animam
734 2361 827 2447 quasi
862 2359 903 2428 ad
939 2359 1062 2428 fontem
1097 2365 1256 2450 recurrat,
1296 2362 1387 2429 cuius

376 2452 503 2518 motum
548 2450 648 2517 etiam
693 2448 764 2515 siue
808 2448 953 2535 corporis
997 2449 1180 2517 ministerio
1225 2453 1388 2518 testantur

323 2537 593 2625 recogitationes
625 2535 745 2641 gaudia
776 2557 851 2623 apes
882 2536 1027 2604 timores
1060 2558 1153 2614 ,nam
1183 2541 1293 2604 motus
1319 2538 1388 2605 eiua

377 2629 428 2694 eet
458 2624 538 2692 boni
570 2625 710 2711 malique
742 2623 907 2705 discretio,
942 2624 1101 2692 uirtutum
1132 2645 1237 2712 amor,
1271 2624 1388 2712 cupido

376 2716 546 2801 uitiorum,
574 2737 613 2781 ex
640 2714 758 2801 quibus
785 2711 923 2779 effluunt
949 2735 1062 2780 omnes
1090 2713 1165 2780 inda
1187 2715 1387 2781 nascentium
1401 2732 1430 2774 ro

376 2827 484 2871 rorum
506 2809 640 2885 meatus,
664 2808 771 2870 motus
791 2803 877 2869 enim
896 2803 964 2870 eius
983 2806 1034 2870 est
1052 2804 1202 2890 quicquid
1219 2803 1389 2871 irascimur

378 2900 411 2962 et
432 2896 466 2961 in
485 2893 646 2961 feruorem
665 2899 797 2960 mutuae
820 2892 998 2960 collisionis
1016 2916 1189 2979 armamur,
1211 2895 1295 2960 unde
1313 2916 1389 2981 pau·

378 2984 471 3050 latim
488 2983 663 3070 procedens
682 2984 789 3050 rabies
807 2983 945 3051 fluctuat
962 2984 1170 3070 proeliorum,
1193 2989 1301 3051 motus
1320 2985 1389 3051 eius

379 3079 429 3140 est
464 3074 551 3159 quod
587 3074 621 3139 in
653 3073 812 3140 desideria
843 3073 1004 3159 rapimur,
1040 3073 1125 3160 quod
1157 3074 1389 3159 cupiditatibus

380 3161 566 3247 alligamur,
594 3162 649 3228 sed
672 3162 707 3226 hi
730 3166 839 3228 motus
863 3162 890 3227 si
913 3161 1038 3227 ratione
1062 3162 1294 3248 gubernentur,
1316 3184 1388 3246 pro·
1402 3178 1429 3220 ²⁵

380 3254 515 3315 ueniunt
551 3251 723 3332 salutares,
765 3249 793 3315 si
830 3248 1062 3334 destituuntur,
1098 3250 1132 3314 iu
1168 3271 1322 3335 praeceps
1357 3254 1392 3314 et

327 3338 551 3423 arripiuntur
582 3343 615 3403 et
641 3337 781 3422 rapiunt.
831 3337 973 3403 didicisti
1001 3341 1109 3403 motus
1137 3337 1279 3421 animas,
1309 3359 1390 3422 quos

380 3426 477 3492 modo
519 3425 588 3491 siue
625 3426 809 3490 ministerio
846 3427 1006 3510 corporis,
1047 3425 1143 3491 modo
1180 3447 1239 3510 per
1275 3447 1390 3510 corpus

381 3518 516 3581 exercet.
561 3514 590 3579 si
618 3534 694 3579 uero
723 3515 825 3598 ipsius
853 3515 1034 3580 mundanae
1062 3515 1188 3581 animae
1212 3520 1319 3581 motus
1342 3535 1391 3580 re·

380 3604 505 3690 quires,
532 3603 702 3668 caelestem
726 3602 965 3669 uolubilitatem
993 3609 1026 3668 et
1049 3603 1260 3689 sphaerarum
1283 3602 1389 3668 subia-
1404 3621 1431 3662 so

381 3693 522 3759 centium
554 3690 683 3776 rapidos
715 3691 856 3776 impetus
887 3693 1026 3775 intuere,
1063 3697 1168 3758 ortum
1201 3712 1391 3759 occasumue

452 3883 580 3956 lreprcl
594 3884 622 3938 B
680 3883 813 3956 scapras
827 3884 857 3938 P
912 3883 1013 3939 aruns
1027 3890 1058 3942 ut
1072 3885 1130 3959 aid.
1148 3881 1183 3940 1⁷
1247 3883 1395 3956 potentP

382 3955 474 4025 lupia
492 3972 543 4011 om.
564 3956 592 4008 P
659 3955 844 4011 alendonuf
857 3956 887 4010 P
952 3962 985 4011 10
1003 3956 1184 4026 rapiditatem
1202 3955 1231 4010 P
1293 3971 1390 4011 ammu-

380 4026 447 4083 raus
464 4028 492 4080 P
568 4031 599 4080 11
618 4026 646 4080 se
665 4027 699 4094 P,
718 4030 747 4082 te
766 4027 794 4081 B
866 4031 899 4081 1³
917 4025 1056 4098 intelligis
1069 4027 1098 4082 B
1164 4025 1339 4095 latumgrurl
1353 4025 1391 4079 P'

382 4101 415 4150 14
434 4095 528 4152 motus
543 4097 571 4151 P
641 4103 675 4152 lo
693 4095 766 4151 torte
784 4113 834 4154 om.
854 4096 882 4150 P
949 4103 982 4153 21
1002 4114 1077 4153 enum
1094 4112 1144 4154 om.
1164 4097 1192 4152 B
1258 4100 1291 4151 11
1310 4095 1392 4150 Vnde
