3322 5190
332 811 397 878 388
722 813 799 872 Sl'l.
818 811 916 869 ursel
934 812 960 869 V

280 971 527 1060 31ἐνέκλησαν.
591 974 741 1041 absoluta
782 980 846 1057 sel,
887 976 1040 1060 aestima,
1080 980 1113 1040 et
1153 978 1343 1043 auctoribus

333 1063 458 1129 idoneis
500 1062 630 1129 adserta
670 1064 857 1148 explanatio
897 1061 1082 1151 Vergiliani
1123 1065 1205 1149 loci,
1247 1087 1342 1150 quem

331 1153 530 1218 litteratores
557 1152 658 1217 uestri
686 1173 746 1218 nec
769 1153 943 1218 obscurum
965 1157 1096 1238 putant,
1123 1152 1267 1218 contenti
1291 1155 1343 1219 uel

331 1241 394 1327 ipsi
424 1241 506 1307 scire
532 1242 585 1307 uel
612 1241 778 1307 insinuare
805 1241 985 1327 discipulis,
1018 1241 1163 1308 Palicum
1191 1242 1242 1308 dei
1271 1264 1343 1308 esse

331 1329 496 1396 cuiusdam
519 1350 646 1395 nornen.
688 1331 760 1416 quis
783 1331 828 1395 sil
851 1337 960 1396 antem
984 1331 1061 1395 deus
1086 1331 1157 1415 isle,
1179 1332 1233 1396 uel
1255 1332 1342 1398 unde
1368 1359 1382 1401 a

330 1419 374 1482 sil
396 1417 516 1501 dictus,
541 1424 610 1482 tam
634 1418 784 1483 nesciunt
806 1439 903 1502 quam
926 1419 1007 1483 scire
1030 1419 1161 1501 nolunt,
1184 1420 1259 1503 quia
1282 1441 1343 1485 nec

329 1505 386 1571 nbi
424 1510 582 1591 quaerant
618 1507 840 1591 suspicantur,
880 1506 975 1590 quasi
1011 1504 1154 1572 Graecae
1191 1507 1341 1572 lectionis

328 1598 485 1680 expertes.

276 1713 338 1783 XX
416 1715 486 1784 Nec
514 1717 589 1783 illos
616 1739 730 1784 uersus
759 1718 979 1804 relinquemus
1005 1718 1159 1802 intactos,
1186 1717 1342 1803 quisunt

330 1807 363 1871 in
385 1805 491 1891 primo
515 1804 699 1890 Georgicon
1355 1837 1381 1876 ιο

374 1927 507 1994 humida
529 1928 672 1993 solstitia
694 1931 791 2012 alque
813 1928 936 1993 hiemes
960 1931 1051 1993 orate
1074 1949 1204 1993 serenas

374 2015 551 2102 agricolas,
573 2015 709 2081 hiberno
733 2016 914 2082 laetissima
958 2016 1068 2081 uluere
1092 2015 1191 2097 farra,

374 2105 478 2172 laetus
501 2126 592 2192 ager,
613 2105 704 2172 nullo
727 2109 854 2172 lantum
878 2127 913 2170 se
935 2038 1042 2191 ilysia
1065 2105 1154 2170 cultu

374 2193 475 2261 iactat
498 2199 532 2260 et
554 2195 625 2280 ipsa
647 2217 723 2262 suas
747 2196 906 2262 mirantur
930 2193 1077 2281 Gargara
1100 2215 1230 2260 messes.

296 2320 441 2386 2sensus
459 2321 513 2385 hic
531 2342 603 2385 cum
623 2320 773 2386 uideatur
792 2321 961 2385 obscurior
977 2320 1139 2405 pauloque
1154 2319 1337 2404 perplexius
1353 2350 1379 2390 rs

327 2430 425 2494 quam
451 2413 567 2493 poetae
590 2409 685 2474 huius
709 2430 780 2475 mos
803 2412 854 2474 est
876 2408 1118 2493 pronuntiatus,
1145 2413 1215 2473 lum
1238 2409 1339 2474 hebet

326 2498 360 2562 in
388 2519 423 2562 se
450 2496 770 2563 animaduertendam
798 2499 1018 2583 quaestionem
1047 2520 1085 2562 ex
1109 2496 1232 2563 Graeca
1255 2500 1338 2563 anii-

294 2585 1337 2759 3llllillllllnill-llllllrllllf‘call:

325 2764 405 2828 haec
442 2765 542 2849 igilur
579 2769 655 2828 sunt
690 2764 724 2828 in
760 2763 885 2848 Mysia,
926 2787 1007 2848 quae
1045 2770 1094 2828 est
1132 2762 1377 2847 Hellespontian

326 2853 503 2935 prouincia.
538 2853 594 2916 sed
618 2853 813 2936 significatio
837 2854 977 2917 nominis
1001 2857 1034 2915 cl
1057 2853 1120 2916 loci
1139 2851 1257 2934 duplex
1278 2860 1336 2918 est.

325 2961 402 3004 nam
426 2944 459 3005 el
482 2962 636 3005 cacumen
660 2941 781 3005 montis
806 2940 881 3005 Idae
905 2947 938 3004 el
960 2940 1114 3023 oppidum
1138 2941 1198 3004 sub
1223 2942 1335 3005 eodem

294 3031 437 3095 timonis
456 3028 518 3092 hoc
536 3029 666 3092 nomine
683 3032 848 3092 uocantur.
880 3026 1049 3092 Honsnvs
1065 3028 1334 3112 significationem

326 3115 501 3180 cacuminis
525 3116 573 3180 ila
597 3116 687 3200 ponit

362 3236 459 3322 Ἴδην
483 3237 512 3303 δ’
536 3241 649 3305 ἵκανεν
672 3242 881 3305 πολυπίδακα
904 3239 1025 3324 μητέρα
1047 3244 1165 3323 θηρῶν
1348 3266 1374 3305 rs

369 3328 553 3413 Γάργαρον.

324 3450 377 3516 hic
410 3450 593 3535 Gargarum
629 3475 686 3537 pro
719 3453 939 3518 excelsissimo
973 3453 1093 3516 montis
1125 3452 1197 3516 loco
1230 3453 1332 3538 accipi

396 3658 426 3706 11
447 3651 531 3721 Verg.
551 3652 681 3721 Georgi
703 3658 753 3706 100
807 3659 841 3707 25
861 3652 942 3708 Hom.
961 3654 992 3706 Il.
1012 3654 1033 3707 Θ
1054 3658 1086 3707 47

394 3840 609 3946 reuirescere
629 3893 658 3947 Ρ
708 3893 815 3946 asarta
836 3892 863 3944 P
915 3892 1055 3960 urrgrlianr
1076 3892 1131 3945 PR
1184 3893 1331 3947 lrnlrmu·

320 3977 367 4016 ere
386 3968 417 4017 α1
435 3964 493 4017 uid.
514 3959 549 4016 P'
605 3965 707 4031 liquid
728 3964 755 4016 P
808 3961 1025 4032 ssrelinqurnrnl
1041 3963 1069 4015 P
1125 3968 1156 4016 14
1176 3964 1277 4018 molles
1292 3963 1328 4019 P'

318 4100 353 4149 20
377 4086 457 4141 mrim
477 4086 505 4140 P
566 4094 599 4141 26
618 4037 832 4143 noilnlnaxa
849 4087 943 4156 (prior
965 4088 1176 4156 Ascraeas)
1198 4087 1225 4139 Ρ
1295 4093 1329 4141 111

316 4174 405 4229 ΤΑΡΟ
423 4174 452 4228 Ρ
