3442 5190
790 779 842 833 Vll
856 784 926 834 ⁴-e
1299 779 1364 844 155

413 963 544 1008 necesse
567 943 618 1006 est
640 942 760 1007 multos
783 939 901 1006 timeat
923 963 1020 1028 quem
1044 938 1140 1006 multi
1163 939 1290 1006 timent

351 1090 414 1153 qno
438 1067 523 1133 dicto
547 1065 743 1131 uniuersitas
766 1064 880 1151 populi
905 1066 944 1131 ad
969 1066 1076 1132 solum
1096 1063 1267 1132 Caesarem
1291 1067 1395 1135 ocu-5

351 1157 399 1222 los
426 1159 460 1222 ct
488 1179 546 1222 ora
572 1157 748 1240 conuertit,
775 1159 929 1222 notantes
957 1156 1173 1241 inpotentiam
1204 1156 1272 1222 eius
1301 1156 1363 1222 hac

350 1246 518 1312 dicacitate
558 1245 744 1331 lapidatam.
799 1245 841 1311 ob
876 1246 956 1312 baec
988 1247 1021 1310 in
1054 1245 1230 1311 Publilium
1263 1246 1365 1312 uertit

322 1336 504 1402 sfauorern.
541 1337 568 1401 is
592 1336 787 1402 Publilius
810 1337 944 1401 natione
967 1334 1098 1421 Syrus,
1122 1357 1196 1401 cum
1219 1358 1299 1421 puer
1322 1334 1394 1408 ad6

348 1430 521 1511 patronum
546 1425 668 1491 domini
691 1427 779 1490 esset
800 1425 969 1509 adductus,
993 1425 1174 1510 promeruit
1197 1448 1272 1490 eum
1294 1447 1362 1491 non

348 1516 454 1581 minus
487 1515 610 1581 salibus
644 1521 677 1580 ct
708 1515 840 1601 ingenio
873 1539 971 1601 quam
1005 1515 1119 1580 lorma.
1169 1537 1245 1581 nam
1277 1513 1362 1580 lorte

348 1625 419 1670 curn
447 1604 503 1669 ille
531 1627 660 1669 seruum
689 1627 782 1669 suurn
810 1603 1022 1690 hydropicum
1046 1605 1205 1670 iacentem
1229 1605 1262 1669 in
1287 1626 1363 1670 ares

348 1694 482 1759 uidisset
513 1693 787 1779 increpuissetque
825 1693 915 1780 quid
949 1694 986 1759 in
1019 1694 1101 1760 sole
1135 1695 1283 1759 laceret
1313 1716 1362 1758 re·

309 1783 480 1868 rospondit
498 1806 633 1868 aquam
654 1783 848 1849 calefacit.
877 1783 1013 1849 ioculari
1033 1783 1147 1848 deinde
1167 1805 1264 1869 super
1283 1805 1363 1848 cena

347 1876 460 1938 exorta
474 1873 664 1957 quaestione
685 1872 874 1957 quodnam
890 1875 994 1938 esset
1009 1873 1213 1938 molestum
1227 1873 1362 1956 otium,

347 1961 432 2026 aliud
460 1962 525 2026 alio
549 1962 702 2046 opinante
728 1961 783 2025 ille
807 1961 1012 2048 podagrici
1040 1961 1157 2045 pedes
1182 1961 1272 2027 dixit.
1318 1950 1400 2031 obt'

346 2049 426 2116 haee
457 2054 491 2115 et
517 2049 583 2115 alia
610 2072 706 2114 mauu
735 2050 855 2114 missus
884 2056 917 2115 et
946 2050 1069 2115 maiore
1099 2072 1177 2114 cura
1205 2050 1361 2131 eruditus,

347 2159 418 2201 cum
442 2138 558 2202 mimos
583 2143 800 2221 componeret,
824 2137 1015 2223 ingentique
1035 2137 1174 2202 adsensu
1193 2137 1228 2202 in
1247 2138 1361 2203 Italiae

308 2251 333 2288 n
348 2225 474 2308 oppidis
494 2247 590 2311 agere
610 2228 777 2309 coepisset,
798 2227 974 2308 productus
994 2225 1117 2291 Rornae
1136 2248 1193 2310 per
1213 2225 1361 2291 (laesuris

348 2313 450 2397 ludos,
473 2335 586 2379 ornnes
610 2315 664 2398 qni
689 2317 766 2378 tunc
790 2314 911 2398 scripta
935 2317 967 2377 et
990 2335 1106 2397 operas
1126 2335 1201 2378 siras
1221 2313 1254 2378 iu
1273 2334 1360 2378 scae·

347 2425 421 2466 nam
450 2403 653 2484 locauorant,
681 2404 874 2487 prouocauit
901 2409 938 2468 ut
965 2402 1087 2487 singuli
1116 2425 1226 2467 secum
1253 2402 1362 2486 posita

348 2493 380 2557 in
405 2492 505 2558 nicom
531 2493 667 2556 rnatcrin
691 2515 749 2577 pro
770 2495 914 2576 ternpore
933 2491 1173 2557 contornlcrcnt.
1213 2514 1272 2557 nce
1290 2490 1360 2556 ullo

347 2585 514 2646 recusante
533 2583 701 2665 superauit
719 2603 843 2666 omnes,
867 2581 898 2645 in
921 2581 992 2667 quis
1012 2585 1045 2646 et
1063 2580 1245 2645 Laberium.
1276 2581 1391 2651 uudess

307 2700 333 2736 n
348 2670 467 2736 Cacsar
490 2671 639 2736 adridens
662 2670 723 2736 lroc
747 2671 843 2736 modo
867 2670 1093 2755 pronuntiauit

391 2795 523 2860 fauente
546 2793 609 2859 tibi
633 2817 684 2858 me
707 2795 813 2859 uictus
838 2817 883 2873 es,
906 2794 1031 2879 Laberi,
1056 2817 1075 2859 a
1098 2792 1180 2879 Syro

346 2919 522 3003 statimque
541 2917 682 2983 Publilio
702 2919 846 3002 palmam
866 2921 899 2982 et
917 2917 1055 2983 Laberio
1075 2919 1208 2983 anulum
1228 2940 1361 2983 aureum

345 3029 420 3072 carm
434 3008 620 3093 quingentis
635 3007 795 3072 sestertiis
810 3007 907 3073 dedit.
934 3011 1012 3072 tuuc
1026 3005 1183 3072 Publilius
1203 3007 1244 3072 ad
1258 3008 1371 3080 Labor

347 3097 429 3162 rium
454 3096 655 3163 recedentem
680 3095 728 3161 ait
1295 3135 1296 3138 =

307 3247 334 3288 ss
392 3221 521 3307 quicum
541 3221 737 3286 contendisti
756 3222 906 3305 scriptor,
930 3222 1015 3287 lrunc
1034 3223 1199 3304 spectator
1218 3220 1362 3285 subleua.

347 3345 402 3410 sed
435 3350 468 3410 et
494 3345 651 3410 Laberius
685 3346 831 3430 sequenti
865 3346 976 3411 statim
1005 3344 1233 3411 commissione
1262 3344 1393 3414 mimo9

348 3456 432 3499 nouo
454 3432 618 3498 interiecit
639 3433 700 3498 hos
724 3455 838 3499 uersus

368 3581 381 3586 ...
391 3579 554 3586 ---——-

419 3667 432 3715 l
454 3662 484 3714 et
503 3666 536 3714 21
557 3660 657 3730 fragm.
678 3678 749 3716 com.
768 3661 812 3714 ed.
832 3667 847 3714 2
867 3659 1017 3716 Ribbeckii
1034 3678 1062 3729 p.
1082 3667 1133 3716 227

418 3873 651 3944 &impotentiam
669 3873 696 3927 P
748 3871 947 3943 lpubln'rtB)
1003 3873 1206 3944 tpublrulffl)
1253 3871 1323 3928 irrui
1336 3871 1366 3926 P

346 3943 633 4014 ttrnqcrepmlsbque
652 3944 692 4009 qd
710 3944 738 3999 P
792 3950 824 4000 10
840 3960 928 4000 coena
946 3945 994 4013 (Ρ)
1051 3951 1083 3999 12
1103 3947 1217 4015 opinate
1237 3941 1273 4000 B'
1331 3947 1363 4001 18

347 4017 491 4081 marorB‚
510 4014 611 4070 maiori
630 4017 731 4071 curat
793 4021 826 4070 lt
844 4015 1015 4086 praeductos
1031 4014 1065 4071 13·
1126 4019 1268 4073 romamb
1330 4022 1363 4071 ls

348 4087 386 4142 ad
404 4087 648 4227 qrqllapiqpanm
667 4088 717 4141 Bm
772 4093 807 4143 20
827 4089 880 4143 boc
899 4089 982 4143 modo
1000 4105 1052 4144 orn.
1074 4089 1101 4143 P
1149 4094 1183 4143 22
1202 4089 1299 4159 publro
1313 4089 1363 4160 (Β)

348 4165 382 4213 23
400 4175 439 4227 pu
471 4175 499 4212 m
571 4164 580 4228 J
