3322 5190
704 853 890 911 xnus-re
1237 854 1305 920 468

291 1038 311 1081 a
333 1016 458 1102 pictore
480 1016 661 1101 finguntur:
701 1016 774 1081 ideo
797 1038 856 1100 per
878 1016 1131 1082 minutissimum
1156 1017 1304 1082 foramen

292 1105 516 1189 contemplans
546 1104 658 1169 oculus
688 1104 778 1169 uidet
803 1105 885 1170 caeli
914 1104 1179 1188 profunditatem.
1224 1125 1303 1191 ergo
1316 1105 1358 1171 14

291 1193 356 1258 tria
382 1193 446 1258 ista
474 1194 656 1259 necessaria
682 1192 777 1258 nobis
806 1196 882 1258 sunt
909 1193 949 1258 ad
979 1194 1127 1259 ellectum
1159 1192 1304 1258 uidendi:

292 1282 409 1365 lumen,
432 1281 517 1366 quod
540 1281 580 1346 de
603 1281 697 1347 nobis
720 1281 910 1366 emittimus,
933 1285 967 1346 et
989 1286 1026 1345 ut
1044 1303 1107 1364 aer,
1130 1281 1184 1366 qui
1207 1281 1304 1346 inter·

266 1370 389 1453 siacet,
425 1368 549 1435 lucidus
586 1371 643 1454 sit,
680 1374 714 1434 et
746 1391 878 1455 corpus,
915 1392 979 1454 quo
1018 1371 1141 1435 offenso
1179 1369 1305 1435 desinat

292 1458 445 1544 intentio,
472 1480 555 1543 quae
583 1460 610 1524 si
634 1458 756 1524 diutius
785 1463 913 1545 pergat,
941 1462 1064 1524 rectam
1092 1458 1304 1525 intentionem

292 1548 413 1613 lassata
436 1570 503 1614 non
526 1548 663 1633 optinet,
686 1547 743 1613 sed
766 1547 869 1613 scissa
892 1549 925 1613 in
945 1548 1093 1613 dextram
1112 1549 1304 1634 laeuamque
1349 1568 1353 1575 ’

292 1636 490 1702 diffunditur.
520 1637 596 1703 hinc
611 1641 670 1718 est,
684 1636 769 1723 quod
783 1638 976 1722 ubicumque
990 1641 1152 1703 terrarum
1166 1637 1305 1721 steteris,
1316 1640 1358 1706 15

292 1725 412 1791 uideris
434 1727 495 1792 tibi
515 1726 678 1812 quandam
697 1727 777 1792 oaoli
796 1725 1035 1792 conclusionem
1056 1726 1173 1811 uidere,
1192 1729 1226 1793 et
1243 1726 1306 1794 hoc

254 1819 345 1881 roest
374 1816 460 1901 quod
489 1816 733 1882 horizontem
762 1819 887 1881 ueteres
914 1818 1123 1882 uocauerunt.
1169 1837 1306 1902 quorum

294 1904 414 1990 indago
438 1905 576 1971 fideliter
600 1903 815 1990 deprehendit
833 1904 988 1969 directam
1012 1904 1054 1968 ab
1079 1904 1181 1969 oculis
1204 1903 1307 1969 aciem

293 2015 352 2078 per
383 1993 517 2078 planum
549 1995 665 2058 contra
697 1992 927 2077 aspicientibus
960 2013 1028 2056 non
1059 2011 1194 2076 pergere
1221 1991 1308 2056 ultra

295 2085 424 2147 centum
448 2081 616 2166 octoginta
639 2080 759 2163 stadia,
782 2084 816 2145 et
838 2080 913 2145 inde
935 2079 1001 2145 iam
1023 2080 1197 2146 recuruari.
1241 2102 1309 2165 por

295 2171 450 2252 planum
473 2170 546 2233 ideo
566 2169 676 2250 adieci,
699 2170 774 2253 quia
797 2167 986 2231 altitudines
1005 2167 1103 2252 longe
1121 2167 1307 2251 aspicimus,

256 2256 414 2341 rsquippe
443 2256 555 2340 quiet
582 2257 706 2320 caelum
733 2255 890 2319 uidemus.
936 2275 1015 2339 ergo
1044 2256 1078 2320 in
1107 2255 1195 2320 omni
1223 2253 1360 2322 hori-16

297 2345 401 2409 contis
425 2344 502 2408 orbe
526 2343 609 2426 ipse,
631 2343 686 2427 qui
710 2344 867 2426 intuetur,
891 2345 1037 2407 centrum
1067 2345 1124 2409 est.
1171 2346 1205 2407 et
1231 2343 1308 2428 quia

297 2432 452 2513 diximus,
484 2436 638 2516 spirantum
667 2454 688 2496 a
714 2435 823 2497 centro
858 2430 942 2496 acies
975 2453 1075 2518 usque
1107 2429 1148 2496 ud
1180 2438 1307 2518 partem

298 2523 387 2587 (ubis
415 2522 611 2607 extenditur,
643 2522 714 2588 siue
745 2521 844 2586 dubio
871 2520 905 2586 in
934 2521 1102 2588 horizonte
1134 2520 1309 2608 διάμετρος

298 2613 387 2678 orbis
401 2615 617 2678 trecentorum
633 2611 802 2697 sexaginta
811 2610 988 2677 stadiorum
999 2615 1058 2697 est,
1072 2615 1107 2678 et
1120 2612 1146 2677 si
1163 2611 1308 2695 ulterius,

258 2725 286 2765 ao
300 2703 354 2787 qui
370 2704 521 2785 intuetur,
536 2702 709 2768 accesserit
723 2724 779 2767 seu
793 2705 970 2766 retrorsum
981 2702 1159 2786 recesserit,
1169 2700 1307 2767 similem

299 2792 385 2857 circa
403 2793 513 2857 orbem
538 2791 670 2857 uidebit
708 2790 792 2856 sicut
810 2791 911 2876 igitur
928 2790 1076 2874 diximus,
1099 2812 1171 2855 cum
1191 2790 1309 2873 lumen,
1321 2791 1361 2856 17

299 2880 382 2965 quod
412 2880 519 2966 pergit
547 2901 565 2944 e
592 2879 687 2945 nobis
714 2901 772 2965 per
801 2879 883 2943 aeris
911 2879 1028 2960 lucem,
1056 2879 1089 2944 in
1117 2899 1233 2963 corpus
1262 2878 1310 2943 in·

298 2968 425 3048 ciderit‚
452 2969 606 3053 impletur
633 2969 774 3034 officium
802 2966 945 3050 uidendi,
973 2967 1028 3032 sed
1056 2971 1094 3032 ut
1122 2967 1228 3051 possit
1256 2989 1309 3032 res

299 3058 369 3123 uisa
388 3059 551 3144 cognosci,
573 3058 739 3123 renuntiat
761 3056 865 3123 uisam
888 3055 1028 3141 speciem
1052 3056 1171 3122 rationi
1196 3077 1310 3123 sensus

258 3165 284 3208 ss
299 3148 464 3214 oculorum
489 3151 523 3212 et
545 3148 603 3212 illa
627 3147 784 3213 aduocata
806 3147 963 3213 memoria
985 3147 1201 3232 recognoscit,
1231 3166 1310 3233 ergo

298 3237 407 3302 nidere
435 3237 600 3302 oculorum
632 3242 682 3301 est
714 3237 855 3302 iudicare
887 3236 1032 3302 rationis.
1083 3237 1160 3321 quia
1189 3235 1309 3300 trinum
1322 3235 1363 3302 18

298 3329 349 3390 est
384 3325 540 3407 officium,
576 3324 661 3409 quod
699 3326 805 3390 uisum
842 3325 973 3410 conplet
1004 3322 1045 3387 ad
1081 3322 1310 3390 dinoscendam

298 3414 450 3499 figuram,
481 3434 593 3477 sensus
630 3413 715 3476 ratio
749 3414 918 3494 memoria,
956 3433 1072 3476 sensus
1105 3433 1173 3475 rem
1206 3411 1312 3475 uisam

298 3501 418 3566 rationi
442 3499 594 3583 refundit,
617 3501 676 3564 illa
699 3499 775 3583 quid
794 3500 900 3564 uisum
924 3499 969 3564 sit
986 3497 1183 3564 recordatur.
1229 3498 1310 3564 adeo
1323 3498 1364 3565 19

260 3611 287 3651 so
301 3593 408 3655 autem
442 3589 476 3654 in
508 3588 629 3653 tuendo
657 3589 876 3654 necessarium
910 3592 960 3652 est
991 3587 1128 3654 rationis
1161 3586 1313 3673 officium,

301 3682 338 3743 ut
365 3699 461 3763 saepe
489 3678 523 3742 iu
546 3700 611 3743 uno
635 3677 765 3742 uidendi
794 3699 890 3742 sensu
918 3676 1016 3741 etiam
1047 3676 1147 3740 alium
1182 3697 1313 3741 sensum

301 3767 458 3832 memoria
481 3769 675 3852 suggerente
694 3767 779 3829 ratio
798 3762 1043 3847 deprehendat·
1074 3785 1150 3828 nam
1173 3763 1202 3828 si
1224 3763 1313 3847 ignis

301 3856 466 3937 appareat,
489 3853 552 3918 scit
574 3874 646 3916 eum
666 3855 699 3916 et
722 3855 798 3916 ante
821 3854 944 3917 tactum
968 3851 1052 3916 ratio
1071 3851 1184 3934 calere,
1207 3850 1234 3915 si
1257 3849 1313 3915 nix

302 3944 345 4006 sit
367 3941 440 4024 illa,
463 3963 546 4024 quae
573 3940 645 4005 uisa
669 3944 732 4018 eat,
759 3939 923 4025 intellegit
951 3939 986 4002 in
1009 3939 1080 4022 ipsa
1102 3938 1186 4004 ratio
1214 3938 1313 4003 etiam

302 4075 515 4085 ...α’-*ι-

374 4152 533 4205 trutsncra
551 4155 582 4205 ut
599 4149 657 4203 uid.
678 4145 713 4203 P⁴
815 4152 849 4203 18
867 4147 1021 4202 diametros
1034 4147 1062 4201 P
1160 4151 1192 4201 19
1209 4145 1270 4201 ulte
1289 4146 1318 4200 P

302 4226 336 4275 21
356 4237 386 4275 se
405 4226 561 4276 aaleerrcs
579 4220 682 4288 add.p
736 4223 770 4273 26
790 4220 846 4273 trit
867 4214 905 4272 P'
