<?xml version="1.0" encoding="UTF-8"?>
<!DOCTYPE html PUBLIC "-//W3C//DTD XHTML 1.0 Transitional//EN"
    "http://www.w3.org/TR/xhtml1/DTD/xhtml1-transitional.dtd">
<html xmlns="http://www.w3.org/1999/xhtml" xml:lang="en" lang="en">
 <head>
  <title>
</title>
<meta http-equiv="Content-Type" content="text/html;charset=utf-8" />
  <meta name='ocr-system' content='tesseract 3.04.00' />
  <meta name='ocr-capabilities' content='ocr_page ocr_carea ocr_par ocr_line ocrx_word'/>
</head>
<body>
  <div class='ocr_page' id='page_1' title='image "./macrobius00cicegoog_0477.png"; bbox 0 0 3322 5190; ppageno 0'>
   <div class='ocr_carea' id='block_1_1' title="bbox 711 824 1312 892">
    <p class='ocr_par' dir='ltr' id='par_1_1' title="bbox 711 824 1312 892">
     <span class='ocr_line' id='line_1_1' title="bbox 711 824 1312 892; baseline 0 -11"><span class='ocrx_word' id='word_1_1' title='bbox 711 824 777 881; x_wconf 76' lang='lat'>1111</span> <span class='ocrx_word' id='word_1_2' title='bbox 796 830 901 882; x_wconf 67' lang='lat' dir='ltr'>lt-tt</span> <span class='ocrx_word' id='word_1_3' title='bbox 1245 825 1312 892; x_wconf 76' lang='grc'>459</span> 
     </span>
    </p>
   </div>
   <div class='ocr_carea' id='block_1_2' title="bbox 260 984 1369 3827">
    <p class='ocr_par' dir='ltr' id='par_1_2' title="bbox 301 984 1366 1333">
     <span class='ocr_line' id='line_1_2' title="bbox 389 984 1366 1074; baseline 0.003 -23"><span class='ocrx_word' id='word_1_4' title='bbox 389 984 474 1052; x_wconf 77' lang='lat' dir='ltr'>‘Iam</span> <span class='ocrx_word' id='word_1_5' title='bbox 502 985 636 1052; x_wconf 86' lang='lat' dir='ltr'>dudum’</span> <span class='ocrx_word' id='word_1_6' title='bbox 659 985 809 1053; x_wconf 90' lang='lat' dir='ltr'>Disarius</span> <span class='ocrx_word' id='word_1_7' title='bbox 836 987 943 1074; x_wconf 89' lang='lat' dir='ltr'>inquit</span> <span class='ocrx_word' id='word_1_8' title='bbox 970 985 1066 1053; x_wconf 78' lang='lat' dir='ltr'>‘lraea</span> <span class='ocrx_word' id='word_1_9' title='bbox 1094 987 1241 1073; x_wconf 72' lang='lat' dir='ltr'><strong>quaestio</strong></span> <span class='ocrx_word' id='word_1_10' title='bbox 1269 988 1310 1053; x_wconf 91' lang='lat' dir='ltr'>ab</span> <span class='ocrx_word' id='word_1_11' title='bbox 1323 988 1366 1054; x_wconf 84' lang='lat'>19</span> 
     </span>
     <span class='ocr_line' id='line_1_3' title="bbox 302 1075 1311 1160; baseline 0 -20"><span class='ocrx_word' id='word_1_12' title='bbox 302 1075 527 1141; x_wconf 76' lang='lat' dir='ltr'>Arus&#39;ro‘rnno</span> <span class='ocrx_word' id='word_1_13' title='bbox 560 1082 594 1140; x_wconf 91' lang='lat' dir='ltr'>et</span> <span class='ocrx_word' id='word_1_14' title='bbox 630 1075 800 1160; x_wconf 85' lang='lat' dir='ltr'>proposita</span> <span class='ocrx_word' id='word_1_15' title='bbox 833 1079 884 1141; x_wconf 88' lang='lat' dir='ltr'>est</span> <span class='ocrx_word' id='word_1_16' title='bbox 915 1079 949 1140; x_wconf 90' lang='lat' dir='ltr'>et</span> <span class='ocrx_word' id='word_1_17' title='bbox 979 1077 1097 1141; x_wconf 87' lang='lat' dir='ltr'>solnta.</span> <span class='ocrx_word' id='word_1_18' title='bbox 1146 1076 1194 1141; x_wconf 91' lang='lat' dir='ltr'>ait</span> <span class='ocrx_word' id='word_1_19' title='bbox 1225 1076 1311 1141; x_wconf 89' lang='lat' dir='ltr'>anim</span> 
     </span>
     <span class='ocr_line' id='line_1_4' title="bbox 302 1164 1313 1250; baseline 0 -21"><span class='ocrx_word' id='word_1_20' title='bbox 302 1185 434 1248; x_wconf 88' lang='lat' dir='ltr'>aquam</span> <span class='ocrx_word' id='word_1_21' title='bbox 462 1164 646 1229; x_wconf 91' lang='lat' dir='ltr'>marinam</span> <span class='ocrx_word' id='word_1_22' title='bbox 676 1165 796 1230; x_wconf 90' lang='lat' dir='ltr'>multo</span> <span class='ocrx_word' id='word_1_23' title='bbox 825 1165 1054 1249; x_wconf 78' lang='lat' dir='ltr'>spissiorem</span> <span class='ocrx_word' id='word_1_24' title='bbox 1079 1185 1177 1248; x_wconf 88' lang='lat' dir='ltr'>esse,</span> <span class='ocrx_word' id='word_1_25' title='bbox 1201 1186 1313 1250; x_wconf 88' lang='lat' dir='ltr'>quam</span> 
     </span>
     <span class='ocr_line' id='line_1_5' title="bbox 301 1251 1314 1333; baseline -0.001 -16"><span class='ocrx_word' id='word_1_26' title='bbox 301 1256 360 1317; x_wconf 87' lang='lat' dir='ltr'>est</span> <span class='ocrx_word' id='word_1_27' title='bbox 381 1251 516 1318; x_wconf 87' lang='lat' dir='ltr'>duleis.</span> <span class='ocrx_word' id='word_1_28' title='bbox 557 1253 670 1318; x_wconf 90' lang='lat' dir='ltr'>immo</span> <span class='ocrx_word' id='word_1_29' title='bbox 698 1253 806 1318; x_wconf 91' lang='lat' dir='ltr'>illam</span> <span class='ocrx_word' id='word_1_30' title='bbox 831 1275 915 1318; x_wconf 87' lang='lat' dir='ltr'>esse</span> <span class='ocrx_word' id='word_1_31' title='bbox 939 1251 1213 1333; x_wconf 71' lang='lat' dir='ltr'>faeculentam,</span> <span class='ocrx_word' id='word_1_32' title='bbox 1236 1252 1314 1317; x_wconf 91' lang='lat' dir='ltr'>dul·</span> 
     </span>
    </p>

    <p class='ocr_par' dir='ltr' id='par_1_3' title="bbox 273 1340 1368 1782">
     <span class='ocr_line' id='line_1_6' title="bbox 273 1340 1312 1427; baseline -0.002 -20"><span class='ocrx_word' id='word_1_33' title='bbox 273 1363 378 1408; x_wconf 84' lang='lat' dir='ltr'>seem</span> <span class='ocrx_word' id='word_1_34' title='bbox 401 1361 492 1407; x_wconf 89' lang='lat' dir='ltr'>nero</span> <span class='ocrx_word' id='word_1_35' title='bbox 509 1363 642 1426; x_wconf 89' lang='lat' dir='ltr'>puram</span> <span class='ocrx_word' id='word_1_36' title='bbox 667 1344 781 1427; x_wconf 90' lang='lat' dir='ltr'>atque</span> <span class='ocrx_word' id='word_1_37' title='bbox 805 1340 999 1408; x_wconf 90' lang='lat' dir='ltr'>subtilem.</span> <span class='ocrx_word' id='word_1_38' title='bbox 1040 1340 1130 1407; x_wconf 92' lang='lat' dir='ltr'>hino</span> <span class='ocrx_word' id='word_1_39' title='bbox 1153 1341 1312 1407; x_wconf 82' lang='lat' dir='ltr'>facilius</span> 
     </span>
     <span class='ocr_line' id='line_1_7' title="bbox 300 1430 1313 1515; baseline -0.002 -19"><span class='ocrx_word' id='word_1_40' title='bbox 300 1431 348 1496; x_wconf 91' lang='lat' dir='ltr'>ait</span> <span class='ocrx_word' id='word_1_41' title='bbox 387 1430 447 1496; x_wconf 91' lang='lat' dir='ltr'>uel</span> <span class='ocrx_word' id='word_1_42' title='bbox 484 1431 678 1515; x_wconf 78' lang='lat' dir='ltr'>inperitos</span> <span class='ocrx_word' id='word_1_43' title='bbox 714 1431 829 1496; x_wconf 89' lang='lat' dir='ltr'>nandi</span> <span class='ocrx_word' id='word_1_44' title='bbox 866 1452 968 1497; x_wconf 87' lang='lat' dir='ltr'>mare</span> <span class='ocrx_word' id='word_1_45' title='bbox 1005 1430 1189 1515; x_wconf 87' lang='lat' dir='ltr'>sustinet,</span> <span class='ocrx_word' id='word_1_46' title='bbox 1230 1451 1313 1496; x_wconf 87' lang='lat' dir='ltr'>oum</span> 
     </span>
     <span class='ocr_line' id='line_1_8' title="bbox 299 1518 1355 1605; baseline -0.001 -21"><span class='ocrx_word' id='word_1_47' title='bbox 299 1518 479 1584; x_wconf 82' lang='lat' dir='ltr'>fluuialis</span> <span class='ocrx_word' id='word_1_48' title='bbox 513 1542 611 1604; x_wconf 89' lang='lat' dir='ltr'>aqua</span> <span class='ocrx_word' id='word_1_49' title='bbox 647 1520 760 1605; x_wconf 89' lang='lat' dir='ltr'>quasi</span> <span class='ocrx_word' id='word_1_50' title='bbox 801 1520 962 1585; x_wconf 81' lang='lat' dir='ltr'>infirma</span> <span class='ocrx_word' id='word_1_51' title='bbox 1000 1522 1038 1584; x_wconf 88' lang='lat' dir='ltr'>et</span> <span class='ocrx_word' id='word_1_52' title='bbox 1067 1519 1174 1586; x_wconf 90' lang='lat' dir='ltr'>nullo</span> <span class='ocrx_word' id='word_1_53' title='bbox 1207 1519 1315 1584; x_wconf 89' lang='lat' dir='ltr'>adiu·</span> <span class='ocrx_word' id='word_1_54' title='bbox 1352 1558 1355 1565; x_wconf 92' lang='lat'><em>·</em></span> 
     </span>
     <span class='ocr_line' id='line_1_9' title="bbox 299 1607 1313 1692; baseline 0 -20"><span class='ocrx_word' id='word_1_55' title='bbox 299 1611 426 1673; x_wconf 88' lang='lat' dir='ltr'>mento</span> <span class='ocrx_word' id='word_1_56' title='bbox 455 1607 554 1673; x_wconf 86' lang='lat' dir='ltr'>l&#39;nlta</span> <span class='ocrx_word' id='word_1_57' title='bbox 586 1631 670 1674; x_wconf 89' lang='lat' dir='ltr'>mox</span> <span class='ocrx_word' id='word_1_58' title='bbox 702 1608 815 1674; x_wconf 84' lang='lat' dir='ltr'>cadat</span> <span class='ocrx_word' id='word_1_59' title='bbox 853 1611 891 1672; x_wconf 93' lang='lat' dir='ltr'>et</span> <span class='ocrx_word' id='word_1_60' title='bbox 923 1609 961 1672; x_wconf 92' lang='lat' dir='ltr'>in</span> <span class='ocrx_word' id='word_1_61' title='bbox 992 1607 1109 1672; x_wconf 90' lang='lat' dir='ltr'>imum</span> <span class='ocrx_word' id='word_1_62' title='bbox 1141 1607 1313 1692; x_wconf 89' lang='lat' dir='ltr'>pondera</span> 
     </span>
     <span class='ocr_line' id='line_1_10' title="bbox 300 1694 1368 1782; baseline 0 -22"><span class='ocrx_word' id='word_1_63' title='bbox 300 1699 458 1782; x_wconf 82' lang='lat' dir='ltr'>accepta</span> <span class='ocrx_word' id='word_1_64' title='bbox 481 1697 733 1765; x_wconf 87' lang='lat' dir='ltr'>transmittat.</span> <span class='ocrx_word' id='word_1_65' title='bbox 779 1716 870 1781; x_wconf 77' lang='lat' dir='ltr'>ergo</span> <span class='ocrx_word' id='word_1_66' title='bbox 893 1718 1030 1782; x_wconf 88' lang='lat' dir='ltr'>aquam</span> <span class='ocrx_word' id='word_1_67' title='bbox 1059 1695 1207 1761; x_wconf 82' lang='lat' dir='ltr'>dulcem</span> <span class='ocrx_word' id='word_1_68' title='bbox 1231 1694 1368 1760; x_wconf 71' lang='lat' dir='ltr'>dixisse</span> 
     </span>
    </p>

    <p class='ocr_par' dir='ltr' id='par_1_4' title="bbox 260 1785 1314 2229">
     <span class='ocr_line' id='line_1_11' title="bbox 260 1785 1314 1872; baseline -0.003 -20"><span class='ocrx_word' id='word_1_69' title='bbox 260 1786 411 1872; x_wconf 87' lang='lat' dir='ltr'>roquasi</span> <span class='ocrx_word' id='word_1_70' title='bbox 438 1789 579 1852; x_wconf 86' lang='lat' dir='ltr'>nutura</span> <span class='ocrx_word' id='word_1_71' title='bbox 606 1787 730 1852; x_wconf 87' lang='lat' dir='ltr'>leueur</span> <span class='ocrx_word' id='word_1_72' title='bbox 754 1785 923 1853; x_wconf 80' lang='lat' dir='ltr'>celerius</span> <span class='ocrx_word' id='word_1_73' title='bbox 951 1785 1163 1872; x_wconf 81' lang='lat' dir='ltr'>inmergere</span> <span class='ocrx_word' id='word_1_74' title='bbox 1193 1785 1231 1850; x_wconf 95' lang='lat' dir='ltr'>in</span> <span class='ocrx_word' id='word_1_75' title='bbox 1255 1806 1314 1869; x_wconf 86' lang='lat' dir='ltr'>ea,</span> 
     </span>
     <span class='ocr_line' id='line_1_12' title="bbox 300 1874 1313 1961; baseline -0.003 -20"><span class='ocrx_word' id='word_1_76' title='bbox 300 1898 395 1961; x_wconf 90' lang='lat' dir='ltr'>quae</span> <span class='ocrx_word' id='word_1_77' title='bbox 422 1877 615 1942; x_wconf 87' lang='lat' dir='ltr'>abluenda</span> <span class='ocrx_word' id='word_1_78' title='bbox 647 1879 753 1959; x_wconf 89' lang='lat' dir='ltr'>sunt,</span> <span class='ocrx_word' id='word_1_79' title='bbox 785 1880 824 1941; x_wconf 89' lang='lat' dir='ltr'>et</span> <span class='ocrx_word' id='word_1_80' title='bbox 855 1874 942 1940; x_wconf 92' lang='lat' dir='ltr'>dum</span> <span class='ocrx_word' id='word_1_81' title='bbox 973 1875 1156 1957; x_wconf 82' lang='lat' dir='ltr'>siccatur,</span> <span class='ocrx_word' id='word_1_82' title='bbox 1187 1895 1313 1940; x_wconf 84' lang='lat' dir='ltr'>seeum</span> 
     </span>
     <span class='ocr_line' id='line_1_13' title="bbox 300 1962 1312 2046; baseline -0.002 -16"><span class='ocrx_word' id='word_1_83' title='bbox 300 1964 468 2030; x_wconf 89' lang='lat' dir='ltr'>sordium</span> <span class='ocrx_word' id='word_1_84' title='bbox 503 1966 672 2031; x_wconf 79' lang='lat' dir='ltr'>maculas</span> <span class='ocrx_word' id='word_1_85' title='bbox 711 1964 956 2046; x_wconf 86' lang='lat' dir='ltr'>abstrahere,</span> <span class='ocrx_word' id='word_1_86' title='bbox 992 1962 1178 2028; x_wconf 89' lang='lat' dir='ltr'>marinam</span> <span class='ocrx_word' id='word_1_87' title='bbox 1215 1983 1312 2028; x_wconf 90' lang='lat' dir='ltr'>uero</span> 
     </span>
     <span class='ocr_line' id='line_1_14' title="bbox 301 2053 1313 2140; baseline -0.002 -23"><span class='ocrx_word' id='word_1_88' title='bbox 301 2055 409 2139; x_wconf 90' lang='lat' dir='ltr'>qnasi</span> <span class='ocrx_word' id='word_1_89' title='bbox 451 2054 683 2120; x_wconf 80' lang='lat' dir='ltr'>crassiorem</span> <span class='ocrx_word' id='word_1_90' title='bbox 725 2076 795 2120; x_wconf 85' lang='lat' dir='ltr'>nee</span> <span class='ocrx_word' id='word_1_91' title='bbox 832 2053 951 2119; x_wconf 86' lang='lat' dir='ltr'>faoile</span> <span class='ocrx_word' id='word_1_92' title='bbox 988 2056 1193 2140; x_wconf 88' lang='lat' dir='ltr'>penetrare</span> <span class='ocrx_word' id='word_1_93' title='bbox 1225 2073 1313 2136; x_wconf 90' lang='lat' dir='ltr'>pur·</span> 
     </span>
     <span class='ocr_line' id='line_1_15' title="bbox 301 2140 1314 2229; baseline -0.004 -21"><span class='ocrx_word' id='word_1_94' title='bbox 301 2142 427 2228; x_wconf 79' lang='lat' dir='ltr'>gando</span> <span class='ocrx_word' id='word_1_95' title='bbox 468 2147 627 2229; x_wconf 88' lang='lat' dir='ltr'>propter</span> <span class='ocrx_word' id='word_1_96' title='bbox 668 2143 903 2208; x_wconf 89' lang='lat' dir='ltr'>densitatem</span> <span class='ocrx_word' id='word_1_97' title='bbox 941 2145 1015 2224; x_wconf 83' lang='lat' dir='ltr'>sui,</span> <span class='ocrx_word' id='word_1_98' title='bbox 1055 2145 1093 2205; x_wconf 90' lang='lat' dir='ltr'>et</span> <span class='ocrx_word' id='word_1_99' title='bbox 1128 2140 1212 2205; x_wconf 89' lang='lat' dir='ltr'>dum</span> <span class='ocrx_word' id='word_1_100' title='bbox 1250 2140 1314 2206; x_wconf 88' lang='lat' dir='ltr'>uix</span> 
     </span>
    </p>

    <p class='ocr_par' dir='ltr' id='par_1_5' title="bbox 263 2227 1313 2315">
     <span class='ocr_line' id='line_1_16' title="bbox 263 2227 1313 2315; baseline -0.003 -18"><span class='ocrx_word' id='word_1_101' title='bbox 263 2232 487 2315; x_wconf 81' lang='lat' dir='ltr'>resiooatnr,</span> <span class='ocrx_word' id='word_1_102' title='bbox 509 2254 583 2298; x_wconf 93' lang='lat' dir='ltr'>non</span> <span class='ocrx_word' id='word_1_103' title='bbox 608 2233 768 2298; x_wconf 89' lang='lat' dir='ltr'>multum</span> <span class='ocrx_word' id='word_1_104' title='bbox 792 2231 962 2297; x_wconf 90' lang='lat' dir='ltr'>sordium</span> <span class='ocrx_word' id='word_1_105' title='bbox 986 2251 1112 2295; x_wconf 89' lang='lat' dir='ltr'>seeum</span> <span class='ocrx_word' id='word_1_106' title='bbox 1132 2227 1313 2295; x_wconf 88' lang='lat' dir='ltr'>trahere.&#39;</span> 
     </span>
    </p>

    <p class='ocr_par' dir='ltr' id='par_1_6' title="bbox 301 2317 1364 2674">
     <span class='ocr_line' id='line_1_17' title="bbox 389 2317 1364 2406; baseline -0.001 -19"><span class='ocrx_word' id='word_1_107' title='bbox 389 2319 534 2406; x_wconf 78' lang='lat' dir='ltr'>Cumque</span> <span class='ocrx_word' id='word_1_108' title='bbox 552 2320 661 2387; x_wconf 88' lang='lat' dir='ltr'>llorns</span> <span class='ocrx_word' id='word_1_109' title='bbox 680 2320 732 2387; x_wconf 91' lang='lat' dir='ltr'>his</span> <span class='ocrx_word' id='word_1_110' title='bbox 752 2320 909 2387; x_wconf 71' lang='lat' dir='ltr'>adsentiri</span> <span class='ocrx_word' id='word_1_111' title='bbox 927 2320 1100 2403; x_wconf 83' lang='lat' dir='ltr'>uideretur,</span> <span class='ocrx_word' id='word_1_112' title='bbox 1118 2317 1364 2386; x_wconf 67' lang='lat' dir='ltr'>Eustathiusll</span> 
     </span>
     <span class='ocr_line' id='line_1_18' title="bbox 302 2409 1312 2497; baseline -0.003 -20"><span class='ocrx_word' id='word_1_113' title='bbox 302 2411 349 2477; x_wconf 88' lang='lat' dir='ltr'>ait</span> <span class='ocrx_word' id='word_1_114' title='bbox 370 2409 422 2476; x_wconf 78' lang='lat' dir='ltr'>‘ne</span> <span class='ocrx_word' id='word_1_115' title='bbox 446 2410 586 2496; x_wconf 85' lang='lat' dir='ltr'>decipias</span> <span class='ocrx_word' id='word_1_116' title='bbox 606 2433 726 2497; x_wconf 85' lang='lat' dir='ltr'>quaeso</span> <span class='ocrx_word' id='word_1_117' title='bbox 745 2410 919 2494; x_wconf 85' lang='lat' dir='ltr'>credulum,</span> <span class='ocrx_word' id='word_1_118' title='bbox 942 2409 996 2495; x_wconf 90' lang='lat' dir='ltr'>qui</span> <span class='ocrx_word' id='word_1_119' title='bbox 1021 2432 1054 2474; x_wconf 89' lang='lat' dir='ltr'>se</span> <span class='ocrx_word' id='word_1_120' title='bbox 1074 2409 1312 2494; x_wconf 84' lang='lat' dir='ltr'>quaestionem·</span> 
     </span>
     <span class='ocr_line' id='line_1_19' title="bbox 302 2498 1314 2586; baseline -0.004 -19"><span class='ocrx_word' id='word_1_121' title='bbox 302 2523 364 2586; x_wconf 85' lang='lat' dir='ltr'>que</span> <span class='ocrx_word' id='word_1_122' title='bbox 394 2523 487 2565; x_wconf 90' lang='lat' dir='ltr'>suam</span> <span class='ocrx_word' id='word_1_123' title='bbox 514 2501 678 2566; x_wconf 87' lang='lat' dir='ltr'>commisit</span> <span class='ocrx_word' id='word_1_124' title='bbox 704 2501 777 2565; x_wconf 83' lang='lat' dir='ltr'>fidei</span> <span class='ocrx_word' id='word_1_125' title='bbox 806 2503 890 2567; x_wconf 88' lang='lat' dir='ltr'>tuae.</span> <span class='ocrx_word' id='word_1_126' title='bbox 941 2499 1134 2564; x_wconf 85' lang='lat' dir='ltr'>Aristoteles</span> <span class='ocrx_word' id='word_1_127' title='bbox 1162 2498 1248 2563; x_wconf 87' lang='lat' dir='ltr'>eninr</span> <span class='ocrx_word' id='word_1_128' title='bbox 1275 2502 1314 2564; x_wconf 88' lang='lat' dir='ltr'>ut</span> 
     </span>
     <span class='ocr_line' id='line_1_20' title="bbox 301 2585 1313 2674; baseline -0.004 -21"><span class='ocrx_word' id='word_1_129' title='bbox 301 2611 368 2653; x_wconf 90' lang='lat' dir='ltr'>non</span> <span class='ocrx_word' id='word_1_130' title='bbox 391 2590 481 2653; x_wconf 89' lang='lat' dir='ltr'>nullu</span> <span class='ocrx_word' id='word_1_131' title='bbox 504 2589 576 2666; x_wconf 87' lang='lat' dir='ltr'>alia,</span> <span class='ocrx_word' id='word_1_132' title='bbox 600 2589 704 2673; x_wconf 84' lang='lat' dir='ltr'>magis</span> <span class='ocrx_word' id='word_1_133' title='bbox 728 2592 822 2655; x_wconf 84' lang='lat' dir='ltr'>acute</span> <span class='ocrx_word' id='word_1_134' title='bbox 845 2610 942 2674; x_wconf 89' lang='lat' dir='ltr'>quam</span> <span class='ocrx_word' id='word_1_135' title='bbox 966 2609 1040 2652; x_wconf 90' lang='lat' dir='ltr'>uere</span> <span class='ocrx_word' id='word_1_136' title='bbox 1063 2587 1128 2652; x_wconf 87' lang='lat' dir='ltr'>ista</span> <span class='ocrx_word' id='word_1_137' title='bbox 1151 2585 1313 2652; x_wconf 76' lang='lat' dir='ltr'>disseruit.</span> 
     </span>
    </p>

    <p class='ocr_par' dir='ltr' id='par_1_7' title="bbox 262 2674 1367 3114">
     <span class='ocr_line' id='line_1_21' title="bbox 262 2674 1367 2763; baseline -0.004 -20"><span class='ocrx_word' id='word_1_138' title='bbox 262 2677 383 2743; x_wconf 81' lang='lat' dir='ltr'>suadeo</span> <span class='ocrx_word' id='word_1_139' title='bbox 411 2681 521 2742; x_wconf 89' lang='lat' dir='ltr'>autem</span> <span class='ocrx_word' id='word_1_140' title='bbox 549 2699 651 2763; x_wconf 87' lang='lat' dir='ltr'>aquae</span> <span class='ocrx_word' id='word_1_141' title='bbox 679 2677 820 2742; x_wconf 78' lang='lat' dir='ltr'>densitas</span> <span class='ocrx_word' id='word_1_142' title='bbox 848 2698 915 2742; x_wconf 92' lang='lat' dir='ltr'>non</span> <span class='ocrx_word' id='word_1_143' title='bbox 944 2678 1040 2741; x_wconf 85' lang='lat' dir='ltr'>nocet</span> <span class='ocrx_word' id='word_1_144' title='bbox 1067 2674 1249 2758; x_wconf 86' lang='lat' dir='ltr'>abluendis,</span> <span class='ocrx_word' id='word_1_145' title='bbox 1276 2674 1367 2740; x_wconf 72' lang='lat' dir='ltr'>usse</span> 
     </span>
     <span class='ocr_line' id='line_1_22' title="bbox 302 2763 1314 2851; baseline -0.004 -20"><span class='ocrx_word' id='word_1_146' title='bbox 302 2787 412 2851; x_wconf 85' lang='lat' dir='ltr'>saepe,</span> <span class='ocrx_word' id='word_1_147' title='bbox 440 2766 495 2850; x_wconf 88' lang='lat' dir='ltr'>qui</span> <span class='ocrx_word' id='word_1_148' title='bbox 524 2767 647 2851; x_wconf 84' lang='lat' dir='ltr'>aliquas</span> <span class='ocrx_word' id='word_1_149' title='bbox 677 2766 800 2850; x_wconf 86' lang='lat' dir='ltr'>speeies</span> <span class='ocrx_word' id='word_1_150' title='bbox 827 2769 984 2849; x_wconf 83' lang='lat' dir='ltr'>purgatus</span> <span class='ocrx_word' id='word_1_151' title='bbox 1012 2763 1140 2847; x_wconf 90' lang='lat' dir='ltr'>uolunt,</span> <span class='ocrx_word' id='word_1_152' title='bbox 1172 2785 1213 2827; x_wconf 91' lang='lat' dir='ltr'>ne</span> <span class='ocrx_word' id='word_1_153' title='bbox 1241 2763 1314 2828; x_wconf 85' lang='lat' dir='ltr'>sola</span> 
     </span>
     <span class='ocr_line' id='line_1_23' title="bbox 302 2851 1313 2939; baseline -0.002 -21"><span class='ocrx_word' id='word_1_154' title='bbox 302 2876 388 2939; x_wconf 84' lang='lat' dir='ltr'>aqua</span> <span class='ocrx_word' id='word_1_155' title='bbox 415 2854 468 2918; x_wconf 89' lang='lat' dir='ltr'>nel</span> <span class='ocrx_word' id='word_1_156' title='bbox 493 2852 579 2919; x_wconf 88' lang='lat' dir='ltr'>dulei</span> <span class='ocrx_word' id='word_1_157' title='bbox 607 2853 732 2919; x_wconf 86' lang='lat' dir='ltr'>tardius</span> <span class='ocrx_word' id='word_1_158' title='bbox 760 2853 821 2918; x_wconf 87' lang='lat' dir='ltr'>hoe</span> <span class='ocrx_word' id='word_1_159' title='bbox 850 2853 1005 2934; x_wconf 80' lang='lat' dir='ltr'>efficiant,</span> <span class='ocrx_word' id='word_1_160' title='bbox 1036 2852 1237 2918; x_wconf 88' lang='lat' dir='ltr'>admisceant</span> <span class='ocrx_word' id='word_1_161' title='bbox 1263 2851 1313 2916; x_wconf 91' lang='lat' dir='ltr'>illi</span> 
     </span>
     <span class='ocr_line' id='line_1_24' title="bbox 301 2939 1314 3026; baseline -0.003 -19"><span class='ocrx_word' id='word_1_162' title='bbox 301 2942 442 3007; x_wconf 85' lang='lat' dir='ltr'>cinerem</span> <span class='ocrx_word' id='word_1_163' title='bbox 462 2942 514 3007; x_wconf 89' lang='lat' dir='ltr'>uel</span> <span class='ocrx_word' id='word_1_164' title='bbox 533 2943 561 3006; x_wconf 90' lang='lat' dir='ltr'>si</span> <span class='ocrx_word' id='word_1_165' title='bbox 580 2942 727 3026; x_wconf 82' lang='lat' dir='ltr'>deluerit,</span> <span class='ocrx_word' id='word_1_166' title='bbox 745 2945 908 3006; x_wconf 90' lang='lat' dir='ltr'>terrenum</span> <span class='ocrx_word' id='word_1_167' title='bbox 923 2941 1099 3025; x_wconf 85' lang='lat' dir='ltr'>puluerem,</span> <span class='ocrx_word' id='word_1_168' title='bbox 1118 2943 1155 3004; x_wconf 91' lang='lat' dir='ltr'>ut</span> <span class='ocrx_word' id='word_1_169' title='bbox 1173 2939 1314 3005; x_wconf 82' lang='lat' dir='ltr'>crassior</span> 
     </span>
     <span class='ocr_line' id='line_1_25' title="bbox 301 3026 1314 3114; baseline -0.002 -20"><span class='ocrx_word' id='word_1_170' title='bbox 301 3030 390 3097; x_wconf 86' lang='lat' dir='ltr'>facta</span> <span class='ocrx_word' id='word_1_171' title='bbox 431 3030 567 3095; x_wconf 82' lang='lat' dir='ltr'>celerius</span> <span class='ocrx_word' id='word_1_172' title='bbox 604 3030 707 3114; x_wconf 87' lang='lat' dir='ltr'>possit</span> <span class='ocrx_word' id='word_1_173' title='bbox 747 3031 886 3096; x_wconf 86' lang='lat' dir='ltr'>abluere.</span> <span class='ocrx_word' id='word_1_174' title='bbox 938 3029 1020 3093; x_wconf 90' lang='lat' dir='ltr'>nihil</span> <span class='ocrx_word' id='word_1_175' title='bbox 1058 3049 1135 3113; x_wconf 83' lang='lat' dir='ltr'>ergo</span> <span class='ocrx_word' id='word_1_176' title='bbox 1178 3026 1314 3112; x_wconf 90' lang='lat' dir='ltr'>impedit</span> 
     </span>
    </p>

    <p class='ocr_par' dir='ltr' id='par_1_8' title="bbox 262 3116 1367 3562">
     <span class='ocr_line' id='line_1_26' title="bbox 262 3116 1367 3204; baseline 0 -22"><span class='ocrx_word' id='word_1_177' title='bbox 262 3139 288 3182; x_wconf 83' lang='lat' dir='ltr'>ss</span> <span class='ocrx_word' id='word_1_178' title='bbox 303 3120 447 3184; x_wconf 90' lang='lat' dir='ltr'>marinae</span> <span class='ocrx_word' id='word_1_179' title='bbox 470 3141 574 3204; x_wconf 86' lang='lat' dir='ltr'>aquae</span> <span class='ocrx_word' id='word_1_180' title='bbox 598 3120 748 3185; x_wconf 77' lang='lat' dir='ltr'>densitas.</span> <span class='ocrx_word' id='word_1_181' title='bbox 786 3119 842 3184; x_wconf 87' lang='lat' dir='ltr'>sod</span> <span class='ocrx_word' id='word_1_182' title='bbox 864 3141 925 3185; x_wconf 86' lang='lat' dir='ltr'>nee</span> <span class='ocrx_word' id='word_1_183' title='bbox 944 3118 1025 3197; x_wconf 89' lang='lat' dir='ltr'>ideo,</span> <span class='ocrx_word' id='word_1_184' title='bbox 1049 3117 1125 3203; x_wconf 90' lang='lat' dir='ltr'>quia</span> <span class='ocrx_word' id='word_1_185' title='bbox 1147 3118 1235 3183; x_wconf 92' lang='lat' dir='ltr'>salsa</span> <span class='ocrx_word' id='word_1_186' title='bbox 1254 3116 1367 3202; x_wconf 83' lang='lat' dir='ltr'>est,23</span> 
     </span>
     <span class='ocr_line' id='line_1_27' title="bbox 303 3206 1315 3292; baseline -0.001 -18"><span class='ocrx_word' id='word_1_187' title='bbox 303 3209 408 3275; x_wconf 91' lang='lat' dir='ltr'>minus</span> <span class='ocrx_word' id='word_1_188' title='bbox 433 3208 546 3274; x_wconf 82' lang='lat' dir='ltr'>abluit.</span> <span class='ocrx_word' id='word_1_189' title='bbox 592 3209 720 3274; x_wconf 84' lang='lat' dir='ltr'>salsitas</span> <span class='ocrx_word' id='word_1_190' title='bbox 751 3209 837 3274; x_wconf 89' lang='lat' dir='ltr'>enim</span> <span class='ocrx_word' id='word_1_191' title='bbox 866 3209 985 3275; x_wconf 85' lang='lat' dir='ltr'>[indere</span> <span class='ocrx_word' id='word_1_192' title='bbox 1008 3210 1043 3273; x_wconf 89' lang='lat' dir='ltr'>et</span> <span class='ocrx_word' id='word_1_193' title='bbox 1072 3208 1162 3273; x_wconf 90' lang='lat' dir='ltr'>uelut</span> <span class='ocrx_word' id='word_1_194' title='bbox 1189 3206 1315 3292; x_wconf 90' lang='lat' dir='ltr'>aperire</span> 
     </span>
     <span class='ocr_line' id='line_1_28' title="bbox 302 3295 1315 3383; baseline -0.005 -19"><span class='ocrx_word' id='word_1_195' title='bbox 302 3298 386 3364; x_wconf 88' lang='lat' dir='ltr'>solet</span> <span class='ocrx_word' id='word_1_196' title='bbox 409 3300 550 3382; x_wconf 86' lang='lat' dir='ltr'>meatus,</span> <span class='ocrx_word' id='word_1_197' title='bbox 578 3301 610 3362; x_wconf 91' lang='lat' dir='ltr'>et</span> <span class='ocrx_word' id='word_1_198' title='bbox 637 3297 709 3363; x_wconf 93' lang='lat' dir='ltr'>ideo</span> <span class='ocrx_word' id='word_1_199' title='bbox 735 3299 837 3383; x_wconf 81' lang='lat' dir='ltr'>magis</span> <span class='ocrx_word' id='word_1_200' title='bbox 862 3299 975 3364; x_wconf 80' lang='lat' dir='ltr'>elicere</span> <span class='ocrx_word' id='word_1_201' title='bbox 1004 3297 1115 3362; x_wconf 89' lang='lat' dir='ltr'>debuit</span> <span class='ocrx_word' id='word_1_202' title='bbox 1142 3295 1315 3362; x_wconf 89' lang='lat' dir='ltr'>abluenda.</span> 
     </span>
     <span class='ocr_line' id='line_1_29' title="bbox 302 3384 1317 3474; baseline -0.003 -22"><span class='ocrx_word' id='word_1_203' title='bbox 302 3387 357 3453; x_wconf 89' lang='lat' dir='ltr'>sed</span> <span class='ocrx_word' id='word_1_204' title='bbox 385 3387 465 3453; x_wconf 84' lang='lat' dir='ltr'>haee</span> <span class='ocrx_word' id='word_1_205' title='bbox 493 3409 557 3453; x_wconf 88' lang='lat' dir='ltr'>una</span> <span class='ocrx_word' id='word_1_206' title='bbox 585 3408 682 3451; x_wconf 88' lang='lat' dir='ltr'>causa</span> <span class='ocrx_word' id='word_1_207' title='bbox 717 3391 782 3468; x_wconf 88' lang='lat' dir='ltr'>est,</span> <span class='ocrx_word' id='word_1_208' title='bbox 812 3409 869 3453; x_wconf 90' lang='lat' dir='ltr'>our</span> <span class='ocrx_word' id='word_1_209' title='bbox 901 3409 987 3474; x_wconf 85' lang='lat' dir='ltr'>aqna</span> <span class='ocrx_word' id='word_1_210' title='bbox 1018 3387 1144 3451; x_wconf 89' lang='lat' dir='ltr'>marine</span> <span class='ocrx_word' id='word_1_211' title='bbox 1172 3408 1239 3451; x_wconf 91' lang='lat' dir='ltr'>non</span> <span class='ocrx_word' id='word_1_212' title='bbox 1272 3384 1317 3450; x_wconf 90' lang='lat' dir='ltr'>sit</span> 
     </span>
     <span class='ocr_line' id='line_1_30' title="bbox 303 3473 1316 3562; baseline -0.004 -20"><span class='ocrx_word' id='word_1_213' title='bbox 303 3477 463 3542; x_wconf 88' lang='lat' dir='ltr'>ablutioni</span> <span class='ocrx_word' id='word_1_214' title='bbox 492 3483 582 3562; x_wconf 85' lang='lat' dir='ltr'>apta,</span> <span class='ocrx_word' id='word_1_215' title='bbox 611 3476 687 3560; x_wconf 90' lang='lat' dir='ltr'>quia</span> <span class='ocrx_word' id='word_1_216' title='bbox 720 3476 849 3562; x_wconf 80' lang='lat' dir='ltr'>pinguis</span> <span class='ocrx_word' id='word_1_217' title='bbox 880 3482 943 3560; x_wconf 89' lang='lat' dir='ltr'>est,</span> <span class='ocrx_word' id='word_1_218' title='bbox 971 3476 1055 3542; x_wconf 87' lang='lat' dir='ltr'>sicut</span> <span class='ocrx_word' id='word_1_219' title='bbox 1082 3479 1116 3540; x_wconf 87' lang='lat' dir='ltr'>et</span> <span class='ocrx_word' id='word_1_220' title='bbox 1143 3475 1214 3560; x_wconf 86' lang='lat' dir='ltr'>ipse</span> <span class='ocrx_word' id='word_1_221' title='bbox 1241 3473 1316 3539; x_wconf 81' lang='lat' dir='ltr'>Ari-</span> 
     </span>
    </p>

    <p class='ocr_par' dir='ltr' id='par_1_9' title="bbox 263 3563 1369 3827">
     <span class='ocr_line' id='line_1_31' title="bbox 263 3563 1315 3651; baseline -0.002 -22"><span class='ocrx_word' id='word_1_222' title='bbox 263 3566 437 3631; x_wconf 85' lang='lat' dir='ltr'>sostoteles</span> <span class='ocrx_word' id='word_1_223' title='bbox 471 3587 567 3650; x_wconf 87' lang='lat' dir='ltr'>saepe</span> <span class='ocrx_word' id='word_1_224' title='bbox 598 3568 738 3631; x_wconf 82' lang='lat' dir='ltr'>testatus</span> <span class='ocrx_word' id='word_1_225' title='bbox 771 3570 835 3651; x_wconf 88' lang='lat' dir='ltr'>est,</span> <span class='ocrx_word' id='word_1_226' title='bbox 867 3572 900 3631; x_wconf 89' lang='lat' dir='ltr'>et</span> <span class='ocrx_word' id='word_1_227' title='bbox 930 3566 1013 3631; x_wconf 89' lang='lat' dir='ltr'>sales</span> <span class='ocrx_word' id='word_1_228' title='bbox 1041 3565 1170 3644; x_wconf 79' lang='lat' dir='ltr'>docent,</span> <span class='ocrx_word' id='word_1_229' title='bbox 1197 3563 1315 3649; x_wconf 89' lang='lat' dir='ltr'>quibus</span> 
     </span>
     <span class='ocr_line' id='line_1_32' title="bbox 303 3647 1369 3739; baseline -0.004 -22"><span class='ocrx_word' id='word_1_230' title='bbox 303 3654 410 3718; x_wconf 88' lang='lat' dir='ltr'>inesse</span> <span class='ocrx_word' id='word_1_231' title='bbox 443 3653 595 3738; x_wconf 87' lang='lat' dir='ltr'>quiddam</span> <span class='ocrx_word' id='word_1_232' title='bbox 627 3653 749 3739; x_wconf 80' lang='lat' dir='ltr'>pingue</span> <span class='ocrx_word' id='word_1_233' title='bbox 780 3654 889 3719; x_wconf 92' lang='lat' dir='ltr'>nullns</span> <span class='ocrx_word' id='word_1_234' title='bbox 921 3655 1060 3738; x_wconf 81' lang='lat' dir='ltr'>ignorat.</span> <span class='ocrx_word' id='word_1_235' title='bbox 1110 3656 1160 3717; x_wconf 88' lang='lat' dir='ltr'>est</span> <span class='ocrx_word' id='word_1_236' title='bbox 1192 3659 1226 3717; x_wconf 89' lang='lat' dir='ltr'>at</span> <span class='ocrx_word' id='word_1_237' title='bbox 1253 3647 1369 3716; x_wconf 68' lang='lat' dir='ltr'>nocer</span> 
     </span>
     <span class='ocr_line' id='line_1_33' title="bbox 302 3739 1316 3827; baseline -0.001 -24"><span class='ocrx_word' id='word_1_238' title='bbox 302 3740 458 3805; x_wconf 81' lang='lat' dir='ltr'>indicium</span> <span class='ocrx_word' id='word_1_239' title='bbox 477 3741 609 3825; x_wconf 79' lang='lat' dir='ltr'>pinguis</span> <span class='ocrx_word' id='word_1_240' title='bbox 624 3762 726 3825; x_wconf 90' lang='lat' dir='ltr'>aquae</span> <span class='ocrx_word' id='word_1_241' title='bbox 741 3742 894 3826; x_wconf 85' lang='lat' dir='ltr'>marinae,</span> <span class='ocrx_word' id='word_1_242' title='bbox 917 3741 1012 3827; x_wconf 87' lang='lat' dir='ltr'>quod,</span> <span class='ocrx_word' id='word_1_243' title='bbox 1030 3761 1103 3804; x_wconf 84' lang='lat' dir='ltr'>cum</span> <span class='ocrx_word' id='word_1_244' title='bbox 1117 3739 1316 3824; x_wconf 79' lang='lat' dir='ltr'>inspergitur</span> 
     </span>
    </p>
   </div>
   <div class='ocr_carea' id='block_1_3' title="bbox 375 3940 889 4011">
    <p class='ocr_par' dir='ltr' id='par_1_10' title="bbox 375 3940 889 4011">
     <span class='ocr_line' id='line_1_34' title="bbox 375 3940 889 4011; baseline 0.002 -17"><span class='ocrx_word' id='word_1_245' title='bbox 375 3948 390 3994; x_wconf 61' lang='grc' dir='ltr'><strong>Ξ</strong></span> <span class='ocrx_word' id='word_1_246' title='bbox 410 3941 445 3996; x_wconf 85' lang='lat' dir='ltr'>el.</span> <span class='ocrx_word' id='word_1_247' title='bbox 464 3940 600 4011; x_wconf 85' lang='lat' dir='ltr'>problem.</span> <span class='ocrx_word' id='word_1_248' title='bbox 620 3945 663 4008; x_wconf 70' lang='lat'>23,</span> <span class='ocrx_word' id='word_1_249' title='bbox 683 3948 707 3998; x_wconf 88' lang='lat'>8.</span> <span class='ocrx_word' id='word_1_250' title='bbox 730 3945 770 3995; x_wconf 78' lang='lat'>18.</span> <span class='ocrx_word' id='word_1_251' title='bbox 790 3945 833 3996; x_wconf 80' lang='grc'>89.</span> <span class='ocrx_word' id='word_1_252' title='bbox 855 3943 889 3995; x_wconf 81' lang='grc'>40</span> 
     </span>
    </p>
   </div>
   <div class='ocr_carea' id='block_1_4' title="bbox 302 4052 515 4062">
    <p class='ocr_par' dir='ltr' id='par_1_11' title="bbox 302 4052 515 4062">
     <span class='ocr_line' id='line_1_35' title="bbox 302 4052 515 4062; baseline 0.009 -2"><span class='ocrx_word' id='word_1_253' title='bbox 302 4052 515 4062; x_wconf 76' lang='lat'><em>——---.-.-</em></span> 
     </span>
    </p>
   </div>
   <div class='ocr_carea' id='block_1_5' title="bbox 305 4120 1320 4254">
    <p class='ocr_par' dir='ltr' id='par_1_12' title="bbox 305 4120 1320 4254">
     <span class='ocr_line' id='line_1_36' title="bbox 374 4120 1320 4196; baseline -0.007 -15"><span class='ocrx_word' id='word_1_254' title='bbox 374 4135 390 4181; x_wconf 77' lang='lat'>4</span> <span class='ocrx_word' id='word_1_255' title='bbox 414 4126 556 4182; x_wconf 67' lang='lat' dir='ltr'>feculentis</span> <span class='ocrx_word' id='word_1_256' title='bbox 582 4126 610 4178; x_wconf 91' lang='lat' dir='ltr'><strong><em>P</em></strong></span> <span class='ocrx_word' id='word_1_257' title='bbox 707 4132 723 4178; x_wconf 81' lang='grc'><strong>6</strong></span> <span class='ocrx_word' id='word_1_258' title='bbox 746 4125 893 4196; x_wconf 85' lang='lat' dir='ltr'>rmpentol</span> <span class='ocrx_word' id='word_1_259' title='bbox 912 4126 940 4180; x_wconf 93' lang='lat' dir='ltr'><strong><em>P</em></strong></span> <span class='ocrx_word' id='word_1_260' title='bbox 1046 4129 1079 4179; x_wconf 90' lang='lat'>10</span> <span class='ocrx_word' id='word_1_261' title='bbox 1102 4137 1269 4191; x_wconf 77' lang='lat' dir='ltr'>immergere</span> <span class='ocrx_word' id='word_1_262' title='bbox 1291 4120 1320 4174; x_wconf 88' lang='lat' dir='ltr'><strong><em>P</em></strong></span> 
     </span>
     <span class='ocr_line' id='line_1_37' title="bbox 305 4193 816 4254; baseline 0.002 -4"><span class='ocrx_word' id='word_1_263' title='bbox 305 4202 338 4250; x_wconf 86' lang='lat'>15</span> <span class='ocrx_word' id='word_1_264' title='bbox 357 4196 464 4254; x_wconf 67' lang='lat' dir='ltr'>*aleon</span> <span class='ocrx_word' id='word_1_265' title='bbox 483 4199 511 4253; x_wconf 92' lang='lat' dir='ltr'><strong><em>P</em></strong></span> <span class='ocrx_word' id='word_1_266' title='bbox 562 4201 597 4250; x_wconf 75' lang='lat'>29</span> <span class='ocrx_word' id='word_1_267' title='bbox 616 4193 816 4252; x_wconf 86' lang='lat' dir='ltr'>ablntmnsP&#39;</span> 
     </span>
    </p>
   </div>
   <div class='ocr_carea' id='block_1_6' title="bbox 0 0 1680 5190">
    <p class='ocr_par' dir='ltr' id='par_1_13' title="bbox 0 0 1680 5190">
     <span class='ocr_line' id='line_1_38' title="bbox 0 0 1680 5190; baseline 0 0"><span class='ocrx_word' id='word_1_268' title='bbox 0 0 1680 5190; x_wconf 95' lang='lat' dir='ltr'> </span> 
     </span>
    </p>
   </div>
  </div>
 </body>
</html>
