3322 5190
327 813 371 882 68
714 814 792 871 ΕΔΤ.
811 815 908 872 LIBRI
926 816 938 869 Ι

327 980 408 1045 bant
439 977 738 1043 intercalationibus
770 981 931 1062 quattuor.
982 979 1038 1043 aed
1066 982 1184 1044 octauo
1212 1000 1342 1063 quoque

329 1087 414 1131 anuo
451 1066 660 1130 intercalares
697 1069 771 1130 octo
809 1066 987 1131 affluebant
1019 1065 1086 1130 dies
1120 1088 1159 1129 ex
1193 1065 1344 1149 singulis,

328 1153 446 1237 quibus
469 1154 626 1217 uertentis
650 1153 726 1217 anni
750 1175 919 1217 numerum
946 1152 1034 1238 apud
1056 1151 1222 1218 Romanos
1246 1174 1345 1235 super

277 1237 319 1303 13
330 1239 487 1306 Graecum
511 1240 693 1304 abundasse
716 1240 782 1304 iam
805 1240 955 1305 diximus.
999 1240 1062 1305 hoc
1083 1261 1211 1324 quoque
1235 1261 1346 1304 errore

329 1330 396 1394 iam
428 1328 559 1412 cognito
591 1328 671 1392 haec
704 1328 826 1410 speeies
859 1326 1096 1392 emendationis
1124 1328 1257 1392 inducta
1284 1332 1345 1391 est
1375 1380 1380 1390 .

329 1417 427 1481 tertio
457 1437 585 1499 quoque
609 1416 757 1480 octennio
781 1415 828 1480 ita
850 1415 1087 1481 intercalandoa
1110 1414 1348 1499 dispensabant

330 1504 409 1581 dies,
431 1509 552 1582 utnon
569 1504 749 1586 nonaginta
767 1503 822 1567 sed
843 1504 1013 1588 sexaginta
1030 1524 1085 1567 sex
1104 1502 1347 1574 intercalarent.

329 1592 548 1674 compensatis
579 1591 699 1673 uiginti
727 1595 760 1655 et
788 1594 941 1674 quattuor
968 1591 1081 1656 diebus
1108 1612 1168 1674 pro
1196 1590 1261 1655 illia
1290 1591 1346 1674 qui

330 1701 390 1764 per
402 1678 538 1744 totidem
554 1699 657 1743 annos
669 1700 767 1763 supra
777 1677 971 1744 Graecorum
985 1700 1153 1744 numerum
1166 1683 1347 1743 creuerant

280 1764 322 1830 14
333 1769 422 1834 omni
441 1772 549 1832 autem
568 1765 807 1832 intercalationi
827 1767 947 1832 mensis
961 1765 1155 1833 Februarius
1170 1767 1346 1852 deputatus
1363 1795 1372 1831 1

333 1861 398 1942 est,
420 1857 575 1939 quoniam
600 1856 627 1920 is
650 1855 784 1920 ultimus
808 1856 884 1920 anni
908 1859 986 1935 erat,
1009 1857 1093 1940 quod
1117 1857 1213 1920 etiam
1236 1857 1346 1940 ipsum

332 1946 372 2011 de
395 1943 595 2010 Graecorum
619 1945 803 2010 imitatione
827 1943 998 2009 faciebant
1035 1965 1123 2008 uam
1146 1951 1184 2009 et
1207 1944 1273 2009 illi
1298 1944 1340 2009 ul

332 2035 431 2100 timo
458 2034 549 2099 anui
579 2035 639 2098 eui
667 2034 790 2098 mensi
817 2032 1042 2119 superfluos
1065 2033 1341 2098 intersereban

333 2124 439 2206 dies,
457 2128 494 2187 ut
511 2122 612 2187 refert
626 2121 860 2206 Gnsvcrcrvs,
879 2122 934 2207 qui
955 2139 1001 2185 un
1021 2138 1139 2187 sacrus
1155 2122 1346 2186 Auurmunu

334 2229 418 2278 srvit
447 2211 589 2295 scripsit.
639 2232 750 2275 uerum
784 2233 850 2275 una
881 2233 915 2274 re
942 2234 962 2275 a
992 2210 1125 2275 Graecis
1153 2211 1348 2276 difierebant
1365 2240 1381 2275 ι.

283 2297 413 2365 lbnam
437 2299 486 2364 illi
508 2299 655 2364 confecto
679 2297 793 2363 ultimo
816 2321 935 2382 mense,
957 2298 1097 2363 Romani
1115 2321 1180 2363 non
1199 2299 1349 2365 confecto

333 2387 510 2454 Februario
541 2388 596 2452 sed
624 2391 700 2472 post
729 2387 915 2451 uicesimum
945 2393 978 2450 et
1004 2388 1136 2452 tertium
1164 2387 1233 2453 eiua
1261 2388 1349 2453 diem

332 2475 582 2561 intercalabant,
616 2474 842 2540 terminalibus
865 2476 987 2540 scilicet
1009 2477 1075 2540 iam
1098 2477 1249 2560 peractis.
1296 2477 1351 2540 de

333 2564 409 2630 inde
427 2563 569 2646 reliquos
588 2562 755 2628 Februarii
775 2563 895 2631 mensis
913 2563 991 2642 dies,
1009 2563 1065 2647 qui
1084 2570 1180 2628 erant
1198 2564 1350 2648 quinque,

334 2656 410 2736 post
436 2650 718 2716 intercalationem
742 2651 995 2735 subiungebaut,
1023 2651 1118 2716 credo
1141 2655 1250 2716 uetere
1274 2652 1349 2716 reli·
1365 2685 1382 2716 ε,

335 2742 442 2827 gionis
466 2761 544 2804 suae
567 2761 665 2818 urere,
688 2744 725 2803 ut
745 2738 953 2804 Februarium
979 2740 1066 2804 omui
1090 2739 1187 2805 modo
1208 2739 1349 2806 Martius

283 2826 325 2890 lli
335 2832 592 2913 consequeretur.
637 2826 691 2892 sed
720 2849 792 2892 cunr
820 2850 916 2911 saepe
940 2829 1098 2913 eueniret,
1126 2834 1163 2894 ut
1184 2830 1349 2894 nundinae

335 2918 430 2984 modo
455 2919 488 2981 in
511 2917 587 2981 anni
610 2915 789 3000 principem
812 2917 911 3000 diem,
939 2918 1035 2982 modo
1063 2918 1098 2981 in
1120 2915 1233 2982 Nonas
1257 2918 1349 2983 cade·

334 3011 408 3069 rent
438 3041 475 3050 -
505 3008 679 3086 utrumqne
716 3007 823 3067 autem
861 3005 1078 3086 perniciosum
1114 3006 1161 3068 rei
1198 3006 1350 3087 publicae

335 3092 512 3175 putabatur
539 3127 576 3136 -
601 3089 794 3172 remedium,
817 3112 881 3173 quo
903 3091 966 3155 hcc
989 3097 1197 3174 auerteretur,
1221 3093 1376 3176 erengi-a

335 3183 439 3244 tatum
462 3184 522 3261 est,
545 3178 630 3261 quod
654 3178 844 3260 aperiemus,
867 3179 895 3242 si
915 3179 1004 3262 prius
1022 3180 1268 3262 ostenderimus,
1292 3203 1350 3244 cur

336 3267 498 3333 nundinae
535 3266 587 3331 uel
625 3265 737 3348 primis
774 3266 929 3332 Kalendis
965 3267 1018 3332 uel
1052 3265 1157 3333 Nonis
1195 3268 1350 3334 omnibns

286 3350 545 3421 l'loauebantur.
590 3375 667 3418 narn
691 3354 840 3437 quotiens
864 3355 1037 3440 incipiente
1065 3377 1150 3421 anno
1178 3356 1247 3422 dies
1276 3378 1350 3423 coe·

410 3534 424 3582 1
444 3526 710 3582 mterkalatrcnrbns
726 3528 754 3580 P
806 3528 1027 3583 amterkalarel
1040 3530 1068 3583 P
1119 3537 1135 3584 3
1156 3532 1352 3588 uertentis*

337 3599 366 3654 B
427 3613 459 3651 ro
477 3600 509 3652 iu
527 3596 668 3668 rotmanos
681 3597 714 3652 in
731 3614 785 3653 rus.
809 3599 841 3653 iu
861 3598 888 3651 P
950 3599 1109 3655 thaburlle
1130 3600 1158 3654 P
1220 3608 1352 3672 bqoque

338 3669 374 3724 P
431 3671 577 3723 ootoennro
596 3668 624 3721 P
673 3668 884 3724 rntcrkalaudol
898 3669 959 3724 BP
1010 3671 1185 3728 raxvun
1240 3679 1352 3729 Brom-

337 3739 491 3812 penlunltrl
509 3745 541 3795 ut
563 3740 621 3795 oid.
641 3739 680 3793 B'
757 3747 789 3794 10
807 3756 901 3796 ourrua
923 3749 954 3797 ut
971 3744 1029 3798 uid.
1049 3743 1084 3798 1¹¹
1141 3744 1299 3800 selrrouruul'
1314 3746 1350 3801 Β

339 3819 372 3867 lt
392 3832 409 3880 n
429 3829 524 3866 corum
547 3812 583 3864 P‘
648 3817 680 3865 15
702 3811 840 3866 t'crrbrtP
902 3821 933 3870 lt
954 3814 1051 3870 ultimo
1070 3835 1120 3873 eurr.
1137 3817 1164 3870 P
1221 3826 1253 3874 l'l
1273 3819 1351 3874 ‹lrcru

338 3883 399 3939 erus
408 3833 464 4007 ΞΡ)
539 3881 886 3938 181ntarkalubautB1’
955 3888 1151 3942 terminalibus
1171 3921 1204 3929 —
1230 3894 1357 3960 peractrl‘

337 3971 388 4010 om.
425 3955 436 3984 ’
488 3960 520 4008 19
540 3952 728 4008 febroaruit'
783 3954 896 4009 crutB'
951 3964 983 4012 21
1004 3959 1173 4014 februarium
1189 3962 1262 4015 B'P
1316 3969 1352 4018 23

338 4025 423 4078 modu
477 4031 501 4080 st
520 4025 661 4079 nundinae
680 4041 729 4078 eru.
749 4022 785 4078 P'
841 4027 924 4081 modo
943 4046 971 4083 m
990 4032 1138 4087 uenalem.
1155 4031 1193 4085 P'
1250 4035 1349 4088 caede·

339 4095 403 4150 rent
502 4101 536 4148 tt
556 4111 572 4148 o
591 4096 623 4149 in
641 4097 829 4215 cxcoprtatnm
848 4098 879 4150 iu
896 4113 950 4153 rus.
969 4102 1001 4153 in
1020 4101 1048 4154 P
1097 4107 1132 4157 ‘26
1154 4104 1298 4173 aperrmni
1314 4101 1351 4159 B'

338 4162 447 4234 prunus
462 4164 489 4217 B
543 4171 577 4220 87
597 4164 705 4219 calendi
737 4164 765 4216 P
816 4170 850 4218 28
869 4168 979 4234 quoties
993 4170 1021 4223 B
