3442 5190
353 826 418 890 114
749 820 824 881 SAT.
843 821 940 879 nram
959 823 971 879 l

325 987 478 1053 ‘lmeruit
503 1007 621 1051 nomon
649 985 702 1050 dei
729 984 886 1051 uirtutem
914 986 1068 1071 regentis.
1118 989 1261 1051 ceterum
1289 984 1368 1051 deus

355 1074 512 1140 Hercules
548 1074 701 1176 religiose
737 1074 866 1158 quidem
904 1078 938 1139 et
973 1073 1058 1158 apud
1095 1072 1206 1158 Tyron
1243 1072 1369 1157 colitur,

354 1184 468 1228 uerum
506 1164 727 1227 sacratissrma
763 1167 797 1226 et
833 1162 1066 1247 augustissima
1102 1161 1259 1246 Aegyptii
1295 1183 1369 1226 eum

353 1251 512 1338 religiono
535 1253 745 1333 uenerantur,
773 1251 923 1335 ultraque
946 1249 1151 1336 memoriam,
1178 1270 1260 1334 quas
1284 1249 1370 1334 apud

355 1341 430 1407 illos
458 1345 544 1405 retro
572 1339 766 1425 longissima
792 1343 855 1424 est,
882 1344 920 1405 ut
944 1343 1109 1405 carentem
1132 1339 1225 1404 initio
1249 1338 1369 1405 colunt.
1396 1363 1409 1404 s

325 1430 426 1514 8ipse
449 1428 590 1495 creditur
613 1432 647 1493 et
669 1426 827 1512 Gigantas
850 1428 1061 1511 interemisse,
1084 1448 1159 1493 cum
1183 1427 1274 1492 caelo
1297 1448 1369 1511 pro·

354 1521 518 1603 pugnaret
547 1518 640 1600 quasi
667 1516 772 1581 uirtus
795 1517 936 1581 deorum.
978 1515 1138 1600 Gigantas
1161 1519 1270 1580 autem
1292 1514 1369 1598 quid

355 1605 442 1671 aliud
465 1603 566 1669 fuisse
589 1603 780 1670 credendum
805 1607 867 1689 est,
893 1625 991 1688 quam
1014 1603 1183 1669 hominum
1207 1601 1369 1688 quandam

355 1692 491 1777 impiam
518 1696 650 1779 gentem
677 1692 755 1758 deos
786 1697 961 1778 negantem
994 1695 1028 1757 et
1059 1691 1131 1758 ideo
1164 1692 1369 1757 aestimatam

325 1781 435 1847 odeas
460 1780 579 1866 pellere
601 1781 640 1846 de
663 1781 796 1846 caelesti
820 1780 894 1846 sede
919 1780 1081 1847 uoluisse?
1127 1780 1242 1846 horum
1271 1779 1411 1864 pedesne

357 1871 390 1935 in
423 1869 599 1936 draconum
633 1869 801 1937 uolumina
836 1869 1043 1954 desinebant,
1079 1870 1164 1955 quod
1197 1868 1371 1955 significat,

356 1957 438 2023 nihil
462 1979 517 2023 eos
539 1961 664 2023 rectum
687 1957 770 2023 nihil
794 1979 946 2043 superum
968 1959 1138 2043 cogitasse,
1162 1959 1262 2024 totius
1281 1958 1370 2023 uitae

358 2068 470 2112 eorum
493 2066 607 2132 gressu
632 2050 729 2130 atque
748 2067 902 2132 processu
920 2049 956 2112 ia
974 2047 1100 2112 inferna
1118 2050 1291 2132 mergente.
1329 2047 1371 2112 ab

358 2134 421 2200 hac
440 2138 538 2218 gente
557 2135 607 2200 sol
625 2156 747 2220 poenas
765 2135 892 2201 debitas
910 2137 943 2200 ui
962 2135 1108 2221 pestiferi
1122 2136 1239 2201 caloris
1253 2135 1371 2221 exegit.

307 2224 392 2288 lOet
414 2243 449 2286 re
472 2243 550 2287 uera
567 2221 741 2288 Herculem
765 2224 867 2288 solem
891 2244 962 2288 esse
984 2224 1037 2288 uel
1057 2244 1095 2287 ex
1112 2224 1243 2289 nomiae
1261 2223 1370 2289 claret
1386 2245 1413 2287 rs

353 2309 519 2394 Ἡρακλῆς
546 2310 633 2375 enim
660 2308 737 2394 quid
767 2311 853 2376 aliud
879 2313 930 2375 est
951 2311 1016 2375 nisi
1029 2309 1137 2396 Ἥρας
1159 2311 1191 2374 id
1215 2314 1265 2375 est
1287 2312 1372 2377 aeris

357 2395 473 2473 attor?
524 2419 606 2482 quae
637 2418 735 2482 porro
769 2398 834 2463 alia
865 2399 951 2462 aeris
984 2400 1089 2483 gloria
1121 2401 1171 2462 cst
1200 2399 1264 2462 nisi
1291 2398 1373 2464 solis

358 2485 573 2570 inluminatio,
597 2483 688 2551 cuius
712 2506 841 2552 recessu
865 2485 1089 2572 profunditate
1108 2486 1267 2552 occulitur
1283 2491 1373 2552 tene·

307 2577 345 2640 11
358 2573 514 2639 brorum?
564 2576 733 2658 praeterea
765 2596 932 2640 sacrorum
960 2574 1258 2640 administrationes
1287 2575 1373 2660 apud

358 2662 540 2748 Aegyptios
572 2662 747 2747 multiplici
784 2668 857 2729 actu
890 2664 1103 2749 multiplicem
1136 2663 1187 2729 dei
1219 2662 1373 2730 adserunt
1387 2689 1414 2730 ro

359 2753 567 2836 potestatem,
595 2750 818 2837 significantes
842 2751 1015 2819 Herculem
1042 2754 1130 2818 hunc
1157 2775 1228 2819 esse
1252 2755 1312 2820 τὸν
1336 2753 1372 2820 ἐν

309 2842 349 2908 12
359 2849 440 2907 πᾶσι
463 2838 518 2906 καὶ
544 2841 600 2906 διὰ
626 2841 759 2908 πάντων
786 2843 893 2927 ἥλιον.
938 2867 976 2907 ex
1000 2866 1034 2908 re
1057 2865 1184 2929 quoquo
1208 2843 1287 2909 alibi
1311 2848 1372 2910 tor·

360 2953 467 2996 rarum
501 2935 596 3016 gesta
623 2938 849 3017 argumentum
882 2955 947 2997 non
979 2934 1044 2998 uile
1072 2934 1245 3020 colligitur.
1295 2956 1372 2999 nam

359 3019 489 3084 Theron
514 3042 569 3085 rex
588 3019 765 3104 Hispanias
789 3023 947 3087 citerioris
971 3044 1043 3086 cam
1064 3022 1104 3087 ad
1124 3021 1371 3106 expugnandum

359 3106 511 3172 Herculis
533 3109 690 3191 templum
715 3114 864 3193 ageretur
888 3111 1003 3193 furore,
1029 3109 1206 3173 instructus
1230 3111 1370 3175 exercitu
1386 3133 1412 3173 ra

360 3195 501 3274 nauium,
515 3193 669 3260 Gaditani
687 3218 725 3260 ex
745 3197 880 3262 aduerso
900 3201 1057 3261 uenerunt
1075 3197 1218 3280 prouecti
1233 3198 1372 3263 nauibus

360 3283 482 3368 longis,
510 3284 745 3368 commissoque
769 3285 893 3369 proelio
917 3285 1020 3349 adhuc
1044 3307 1145 3368 aequo
1170 3285 1273 3349 Marte
1297 3307 1371 3351 corr·

361 3371 495 3435 sistente
527 3392 638 3455 pugna
670 3374 777 3438 subito
809 3373 844 3437 irr
875 3373 988 3460 lugam
1016 3394 1127 3437 uersae
1155 3377 1232 3438 eunt
1262 3376 1372 3459 regiae

360 3479 460 3523 naues
493 3459 655 3544 simulque
687 3461 852 3546 inprouiso
885 3462 960 3546 igno
993 3466 1160 3546 correptae
1193 3461 1373 3547 conflagra-

360 3550 485 3612 uerunt.
531 3549 734 3633 pancissimi,
761 3549 814 3632 qui
844 3547 1081 3633 superfuerant,
1111 3549 1253 3614 hostium
1283 3551 1370 3634 capti
1385 3574 1413 3614 so

433 3762 446 3809 1
467 3755 524 3828 dper
543 3756 570 3809 B
648 3759 753 3812 uirtute
773 3764 884 3829 praeter
908 3758 973 3813 cea
994 3775 1049 3814 ras.
1073 3760 1105 3814 iu
1124 3759 1151 3813 P
1219 3760 1330 3815 ttrron
1349 3760 1377 3814 P

360 3828 497 3900 epgrptrj
519 3827 546 3880 P
613 3831 806 3900 semanimi:
828 3847 890 3884 cnnr
909 3829 966 3884 BP
1027 3835 1056 3884 11
1078 3848 1106 3884 rn
1125 3847 1175 3886 om.
1196 3831 1223 3886 P
1285 3836 1317 3885 13
1337 3833 1372 3886 ab

359 3897 413 3954 hac
432 3901 516 3967 gente
534 3915 584 3955 ora.
604 3899 631 3955 P
682 3905 715 3954 14
735 3901 822 3976 ppnal
837 3903 865 3956 P
918 3908 950 3957 16
969 3900 1097 3956 heraclei
1113 3903 1171 3957 BP
1222 3902 1306 3959 heras
1317 3904 1374 3959 BP

360 3969 415 4024 eni
435 3969 463 4024 B
546 3977 577 4025 17
602 3970 678 4027 cleos
698 3973 737 4027 B:
766 3971 857 4029 cleros
873 3973 902 4027 P
978 3974 1050 4027 aliae
1074 3972 1147 4029 cerri
1165 3990 1234 4030 corr.
1258 3976 1289 4029 ia
1315 3975 1374 4030 alra

360 4040 472 4096 aenlB
528 4047 560 4096 18
578 4043 749 4100 rllumurutro
771 4045 798 4098 P
850 4051 886 4100 10
936 4044 1033 4117 rpltrol
1049 4045 1076 4099 P
1127 4047 1375 4116 11ΗΛ111Ν·ΙΡ

358 4113 571 4252 ἰξοέἓέηὲηᾱύ
598 4111 638 4168 Β’
711 4119 744 4171 et
768 4061 934 4186 practici]g
1002 4115 1136 4172 existento
1160 4117 1188 4172 P
1262 4123 1297 4174 29
1320 4132 1373 4172 nu·
