<?xml version="1.0" encoding="UTF-8"?>
<!DOCTYPE html PUBLIC "-//W3C//DTD XHTML 1.0 Transitional//EN"
    "http://www.w3.org/TR/xhtml1/DTD/xhtml1-transitional.dtd">
<html xmlns="http://www.w3.org/1999/xhtml" xml:lang="en" lang="en">
 <head>
  <title>
</title>
<meta http-equiv="Content-Type" content="text/html;charset=utf-8" />
  <meta name='ocr-system' content='tesseract 3.04.00' />
  <meta name='ocr-capabilities' content='ocr_page ocr_carea ocr_par ocr_line ocrx_word'/>
</head>
<body>
  <div class='ocr_page' id='page_1' title='image "./macrobius00cicegoog_0443.png"; bbox 0 0 3442 5190; ppageno 0'>
   <div class='ocr_carea' id='block_1_1' title="bbox 785 823 1362 889">
    <p class='ocr_par' dir='ltr' id='par_1_1' title="bbox 785 823 1362 889">
     <span class='ocr_line' id='line_1_1' title="bbox 785 823 1362 889; baseline -0.003 -10"><span class='ocrx_word' id='word_1_1' title='bbox 785 823 812 879; x_wconf 84' lang='lat' dir='ltr'>V</span> <span class='ocrx_word' id='word_1_2' title='bbox 831 829 918 880; x_wconf 68' lang='lat' dir='ltr'>b-ll</span> <span class='ocrx_word' id='word_1_3' title='bbox 1294 824 1362 889; x_wconf 76' lang='lat'>425</span> 
     </span>
    </p>
   </div>
   <div class='ocr_carea' id='block_1_2' title="bbox 307 985 1413 3847">
    <p class='ocr_par' dir='ltr' id='par_1_2' title="bbox 307 985 1413 3847">
     <span class='ocr_line' id='line_1_2' title="bbox 391 985 1363 1074; baseline 0.001 -22"><span class='ocrx_word' id='word_1_4' title='bbox 391 990 559 1074; x_wconf 79' lang='grc' dir='ltr'><em>πτόρθους</em></span> <span class='ocrx_word' id='word_1_5' title='bbox 582 985 729 1065; x_wconf 77' lang='grc' dir='ltr'><strong><em>ἁπαλούς</em></strong></span> <span class='ocrx_word' id='word_1_6' title='bbox 751 985 1021 1073; x_wconf 79' lang='grc' dir='ltr'><strong><em>ἀποτρώγουσαι,</em></strong></span> <span class='ocrx_word' id='word_1_7' title='bbox 1051 985 1210 1072; x_wconf 81' lang='grc' dir='ltr'><strong><em>καὶπρὸς</em></strong></span> <span class='ocrx_word' id='word_1_8' title='bbox 1233 988 1363 1067; x_wconf 80' lang='grc' dir='ltr'><strong><em>τούτοις</em></strong></span> 
     </span>
     <span class='ocr_line' id='line_1_3' title="bbox 1040 1077 1248 1160; baseline 0 -19"><span class='ocrx_word' id='word_1_9' title='bbox 1040 1077 1248 1160; x_wconf 78' lang='grc' dir='ltr'><strong><em>τιθύμαλλον</em></strong></span> 
     </span>
     <span class='ocr_line' id='line_1_4' title="bbox 391 1161 1361 1250; baseline 0.001 -20"><span class='ocrx_word' id='word_1_10' title='bbox 391 1167 526 1232; x_wconf 83' lang='grc' dir='ltr'><strong><em>κύτιούν</em></strong></span> <span class='ocrx_word' id='word_1_11' title='bbox 559 1161 586 1231; x_wconf 87' lang='grc' dir='ltr'>τ’</span> <span class='ocrx_word' id='word_1_12' title='bbox 623 1161 683 1249; x_wconf 73' lang='grc' dir='ltr'>ἠδὲ</span> <span class='ocrx_word' id='word_1_13' title='bbox 721 1165 850 1250; x_wconf 84' lang='grc' dir='ltr'><strong><em>σφάκον</em></strong></span> <span class='ocrx_word' id='word_1_14' title='bbox 888 1164 998 1248; x_wconf 79' lang='grc' dir='ltr'><em>εὐώδη</em></span> <span class='ocrx_word' id='word_1_15' title='bbox 1034 1163 1089 1230; x_wconf 80' lang='grc' dir='ltr'>καὶ</span> <span class='ocrx_word' id='word_1_16' title='bbox 1127 1169 1268 1250; x_wconf 76' lang='grc' dir='ltr'><strong><em>σμίλακα</em></strong></span> <span class='ocrx_word' id='word_1_17' title='bbox 1299 1167 1361 1250; x_wconf 74' lang='grc' dir='ltr'>τὴν</span> 
     </span>
     <span class='ocr_line' id='line_1_5' title="bbox 1038 1254 1272 1339; baseline 0.004 -21"><span class='ocrx_word' id='word_1_18' title='bbox 1038 1254 1272 1339; x_wconf 84' lang='grc' dir='ltr'><strong><em>πολύφυλλον,</em></strong></span> 
     </span>
     <span class='ocr_line' id='line_1_6' title="bbox 320 1339 1361 1452; baseline 0 -43"><span class='ocrx_word' id='word_1_19' title='bbox 320 1369 333 1410; x_wconf 84' lang='lat' dir='ltr'>o</span> <span class='ocrx_word' id='word_1_20' title='bbox 393 1346 524 1409; x_wconf 88' lang='grc' dir='ltr'><strong><em>κότινον</em></strong></span> <span class='ocrx_word' id='word_1_21' title='bbox 551 1352 667 1428; x_wconf 71' lang='grc' dir='ltr'><strong><em>σχῖνον</em></strong></span> <span class='ocrx_word' id='word_1_22' title='bbox 690 1345 807 1427; x_wconf 83' lang='grc' dir='ltr'><strong><em>μελίαν</em></strong></span> <span class='ocrx_word' id='word_1_23' title='bbox 829 1343 972 1426; x_wconf 82' lang='grc' dir='ltr'><strong><em>πεύκην,</em></strong></span> <span class='ocrx_word' id='word_1_24' title='bbox 999 1339 1097 1452; x_wconf 78' lang='grc' dir='ltr'><strong><em>ἁλίαν</em></strong></span> <span class='ocrx_word' id='word_1_25' title='bbox 1120 1343 1222 1426; x_wconf 80' lang='grc' dir='ltr'><strong><em>δρῦν,</em></strong></span> <span class='ocrx_word' id='word_1_26' title='bbox 1249 1344 1361 1410; x_wconf 86' lang='grc' dir='ltr'><strong><em>κιττὸν</em></strong></span> 
     </span>
     <span class='ocr_line' id='line_1_7' title="bbox 1040 1434 1153 1517; baseline 0.009 -21"><span class='ocrx_word' id='word_1_27' title='bbox 1040 1434 1153 1517; x_wconf 82' lang='grc' dir='ltr'><strong><em>ερίιιην</em></strong></span> 
     </span>
     <span class='ocr_line' id='line_1_8' title="bbox 391 1518 1361 1608; baseline 0.001 -21"><span class='ocrx_word' id='word_1_28' title='bbox 391 1524 562 1607; x_wconf 80' lang='grc' dir='ltr'><strong><em>πρόμαλον</em></strong></span> <span class='ocrx_word' id='word_1_29' title='bbox 590 1520 719 1608; x_wconf 76' lang='grc' dir='ltr'><strong><em>ῥάμνον</em></strong></span> <span class='ocrx_word' id='word_1_30' title='bbox 747 1523 879 1605; x_wconf 85' lang='grc' dir='ltr'><strong><em>φλόμον</em></strong></span> <span class='ocrx_word' id='word_1_31' title='bbox 902 1518 1084 1606; x_wconf 79' lang='grc' dir='ltr'><strong><em>ἀνθερικὸν</em></strong></span> <span class='ocrx_word' id='word_1_32' title='bbox 1106 1522 1227 1587; x_wconf 80' lang='grc' dir='ltr'><strong><em>κισθὸν</em></strong></span> <span class='ocrx_word' id='word_1_33' title='bbox 1250 1523 1361 1606; x_wconf 82' lang='grc' dir='ltr'><strong><em>φηγὸν</em></strong></span> 
     </span>
     <span class='ocr_line' id='line_1_9' title="bbox 1042 1610 1323 1696; baseline 0.004 -22"><span class='ocrx_word' id='word_1_34' title='bbox 1042 1610 1134 1695; x_wconf 78' lang='grc' dir='ltr'><strong><em>θύμα</em></strong></span> <span class='ocrx_word' id='word_1_35' title='bbox 1156 1610 1323 1696; x_wconf 79' lang='grc' dir='ltr'><strong><em>θύμβραν.</em></strong></span> 
     </span>
     <span class='ocr_line' id='line_1_10' title="bbox 348 1715 1360 1799; baseline 0.001 -18"><span class='ocrx_word' id='word_1_36' title='bbox 348 1717 517 1783; x_wconf 76' lang='lat' dir='ltr'>uideturne</span> <span class='ocrx_word' id='word_1_37' title='bbox 557 1717 652 1783; x_wconf 90' lang='lat' dir='ltr'>uobis</span> <span class='ocrx_word' id='word_1_38' title='bbox 693 1717 840 1782; x_wconf 89' lang='lat' dir='ltr'>cibomm</span> <span class='ocrx_word' id='word_1_39' title='bbox 881 1716 946 1780; x_wconf 81' lang='lat' dir='ltr'>isla</span> <span class='ocrx_word' id='word_1_40' title='bbox 987 1716 1179 1799; x_wconf 65' lang='lat' dir='ltr'><strong>simplicitas</strong></span> <span class='ocrx_word' id='word_1_41' title='bbox 1216 1715 1272 1781; x_wconf 88' lang='lat' dir='ltr'>ubi</span> <span class='ocrx_word' id='word_1_42' title='bbox 1308 1720 1360 1782; x_wconf 76' lang='lat' dir='ltr'>tot</span> 
     </span>
     <span class='ocr_line' id='line_1_11' title="bbox 309 1803 1359 1874; baseline 0 -2"><span class='ocrx_word' id='word_1_43' title='bbox 309 1833 334 1874; x_wconf 89' lang='grc' dir='ltr'>ιο</span> <span class='ocrx_word' id='word_1_44' title='bbox 348 1808 578 1872; x_wconf 72' lang='lat' dir='ltr'>enumerantur</span> <span class='ocrx_word' id='word_1_45' title='bbox 600 1806 653 1871; x_wconf 90' lang='lat' dir='ltr'>uel</span> <span class='ocrx_word' id='word_1_46' title='bbox 676 1806 811 1870; x_wconf 70' lang='lat' dir='ltr'>arbusta</span> <span class='ocrx_word' id='word_1_47' title='bbox 833 1806 884 1870; x_wconf 90' lang='lat' dir='ltr'>uel</span> <span class='ocrx_word' id='word_1_48' title='bbox 909 1803 1042 1869; x_wconf 86' lang='lat' dir='ltr'>frulices</span> <span class='ocrx_word' id='word_1_49' title='bbox 1066 1826 1132 1870; x_wconf 93' lang='lat' dir='ltr'>non</span> <span class='ocrx_word' id='word_1_50' title='bbox 1155 1803 1263 1869; x_wconf 88' lang='lat' dir='ltr'>minus</span> <span class='ocrx_word' id='word_1_51' title='bbox 1282 1826 1359 1872; x_wconf 86' lang='lat' dir='ltr'>auco</span> 
     </span>
     <span class='ocr_line' id='line_1_12' title="bbox 347 1892 1413 1978; baseline 0.001 -20"><span class='ocrx_word' id='word_1_52' title='bbox 347 1895 475 1959; x_wconf 87' lang='lat' dir='ltr'>diuersa</span> <span class='ocrx_word' id='word_1_53' title='bbox 510 1916 607 1978; x_wconf 90' lang='lat' dir='ltr'>quam</span> <span class='ocrx_word' id='word_1_54' title='bbox 644 1894 798 1959; x_wconf 80' lang='lat' dir='ltr'>nomine?</span> <span class='ocrx_word' id='word_1_55' title='bbox 855 1893 941 1978; x_wconf 89' lang='lat' dir='ltr'>quod</span> <span class='ocrx_word' id='word_1_56' title='bbox 979 1895 1087 1958; x_wconf 76' lang='lat' dir='ltr'>aulam</span> <span class='ocrx_word' id='word_1_57' title='bbox 1125 1915 1192 1958; x_wconf 92' lang='lat' dir='ltr'>non</span> <span class='ocrx_word' id='word_1_58' title='bbox 1229 1892 1359 1960; x_wconf 86' lang='lat' dir='ltr'>facilius</span> <span class='ocrx_word' id='word_1_59' title='bbox 1373 1894 1413 1959; x_wconf 84' lang='lat'>10</span> 
     </span>
     <span class='ocr_line' id='line_1_13' title="bbox 347 1981 1359 2067; baseline 0 -19"><span class='ocrx_word' id='word_1_60' title='bbox 347 1982 470 2048; x_wconf 79' lang='lat' dir='ltr'><strong>morbis</strong></span> <span class='ocrx_word' id='word_1_61' title='bbox 502 1982 651 2048; x_wconf 89' lang='lat' dir='ltr'>homines</span> <span class='ocrx_word' id='word_1_62' title='bbox 680 2005 777 2067; x_wconf 90' lang='lat' dir='ltr'>quam</span> <span class='ocrx_word' id='word_1_63' title='bbox 805 1982 942 2067; x_wconf 88' lang='lat' dir='ltr'>pecudes</span> <span class='ocrx_word' id='word_1_64' title='bbox 971 1984 1183 2066; x_wconf 77' lang='lat' dir='ltr'>occupentur,</span> <span class='ocrx_word' id='word_1_65' title='bbox 1215 1981 1359 2048; x_wconf 88' lang='lat' dir='ltr'>Homero</span> 
     </span>
     <span class='ocr_line' id='line_1_14' title="bbox 347 2070 1359 2155; baseline 0.001 -21"><span class='ocrx_word' id='word_1_66' title='bbox 347 2074 431 2136; x_wconf 77' lang='lat' dir='ltr'>lesia</span> <span class='ocrx_word' id='word_1_67' title='bbox 454 2073 623 2136; x_wconf 73' lang='lat' dir='ltr'>contentus</span> <span class='ocrx_word' id='word_1_68' title='bbox 648 2094 729 2154; x_wconf 92' lang='lat' dir='ltr'>sum,</span> <span class='ocrx_word' id='word_1_69' title='bbox 752 2071 807 2155; x_wconf 92' lang='lat' dir='ltr'>qui</span> <span class='ocrx_word' id='word_1_70' title='bbox 831 2071 1051 2154; x_wconf 75' lang='lat' dir='ltr'>pestilentiam</span> <span class='ocrx_word' id='word_1_71' title='bbox 1075 2070 1176 2135; x_wconf 73' lang='lat' dir='ltr'>refert</span> <span class='ocrx_word' id='word_1_72' title='bbox 1194 2093 1214 2134; x_wconf 90' lang='lat' dir='ltr'>a</span> <span class='ocrx_word' id='word_1_73' title='bbox 1231 2070 1359 2154; x_wconf 88' lang='lat' dir='ltr'>pecudi·</span> 
     </span>
     <span class='ocr_line' id='line_1_15' title="bbox 347 2158 1358 2243; baseline 0 -20"><span class='ocrx_word' id='word_1_74' title='bbox 347 2158 408 2223; x_wconf 90' lang='lat' dir='ltr'>bus</span> <span class='ocrx_word' id='word_1_75' title='bbox 431 2159 628 2242; x_wconf 85' lang='lat' dir='ltr'>inchoalam,</span> <span class='ocrx_word' id='word_1_76' title='bbox 651 2159 778 2243; x_wconf 89' lang='lat' dir='ltr'>quando</span> <span class='ocrx_word' id='word_1_77' title='bbox 798 2158 939 2238; x_wconf 82' lang='lat' dir='ltr'>morbus,</span> <span class='ocrx_word' id='word_1_78' title='bbox 964 2161 1137 2242; x_wconf 74' lang='lat' dir='ltr'>antequam</span> <span class='ocrx_word' id='word_1_79' title='bbox 1156 2159 1191 2222; x_wconf 91' lang='lat' dir='ltr'>in</span> <span class='ocrx_word' id='word_1_80' title='bbox 1210 2158 1358 2224; x_wconf 89' lang='lat' dir='ltr'>homines</span> 
     </span>
     <span class='ocr_line' id='line_1_16' title="bbox 309 2245 1409 2332; baseline -0.003 -18"><span class='ocrx_word' id='word_1_81' title='bbox 309 2272 333 2314; x_wconf 82' lang='grc' dir='ltr'>ιτ</span> <span class='ocrx_word' id='word_1_82' title='bbox 348 2249 461 2332; x_wconf 75' lang='lat' dir='ltr'>posset</span> <span class='ocrx_word' id='word_1_83' title='bbox 478 2246 633 2330; x_wconf 88' lang='lat' dir='ltr'>inrepere,</span> <span class='ocrx_word' id='word_1_84' title='bbox 651 2247 779 2311; x_wconf 83' lang='lat' dir='ltr'>facilius</span> <span class='ocrx_word' id='word_1_85' title='bbox 799 2247 903 2329; x_wconf 82' lang='lat' dir='ltr'>caplis</span> <span class='ocrx_word' id='word_1_86' title='bbox 921 2245 1092 2329; x_wconf 78' lang='lat' dir='ltr'>pecoribus</span> <span class='ocrx_word' id='word_1_87' title='bbox 1106 2246 1265 2311; x_wconf 71' lang='lat' dir='ltr'>incubuit.</span> <span class='ocrx_word' id='word_1_88' title='bbox 1302 2245 1357 2311; x_wconf 87' lang='lat' dir='ltr'>sed</span> <span class='ocrx_word' id='word_1_89' title='bbox 1372 2247 1409 2312; x_wconf 89' lang='lat' dir='ltr'>ll</span> 
     </span>
     <span class='ocr_line' id='line_1_17' title="bbox 348 2334 1358 2420; baseline 0.003 -21"><span class='ocrx_word' id='word_1_90' title='bbox 348 2339 381 2399; x_wconf 83' lang='lat' dir='ltr'>cl</span> <span class='ocrx_word' id='word_1_91' title='bbox 399 2337 522 2420; x_wconf 76' lang='lat' dir='ltr'>quonia</span> <span class='ocrx_word' id='word_1_92' title='bbox 541 2336 585 2400; x_wconf 76' lang='lat' dir='ltr'>sib</span> <span class='ocrx_word' id='word_1_93' title='bbox 602 2335 702 2400; x_wconf 85' lang='lat' dir='ltr'>mulis</span> <span class='ocrx_word' id='word_1_94' title='bbox 718 2334 913 2400; x_wconf 79' lang='lat' dir='ltr'>animalibus</span> <span class='ocrx_word' id='word_1_95' title='bbox 928 2334 1098 2400; x_wconf 77' lang='lat' dir='ltr'>infirmibus</span> <span class='ocrx_word' id='word_1_96' title='bbox 1113 2335 1198 2400; x_wconf 86' lang='lat' dir='ltr'>uiloa</span> <span class='ocrx_word' id='word_1_97' title='bbox 1214 2335 1358 2402; x_wconf 77' lang='lat' dir='ltr'>breuibus</span> 
     </span>
     <span class='ocr_line' id='line_1_18' title="bbox 348 2424 1358 2512; baseline 0.001 -21"><span class='ocrx_word' id='word_1_98' title='bbox 348 2425 466 2493; x_wconf 88' lang='lat' dir='ltr'>imlicio</span> <span class='ocrx_word' id='word_1_99' title='bbox 495 2427 553 2492; x_wconf 84' lang='lat' dir='ltr'>csl.</span> <span class='ocrx_word' id='word_1_100' title='bbox 599 2424 684 2511; x_wconf 82' lang='lat' dir='ltr'>quod</span> <span class='ocrx_word' id='word_1_101' title='bbox 714 2425 798 2492; x_wconf 86' lang='lat' dir='ltr'>enim</span> <span class='ocrx_word' id='word_1_102' title='bbox 826 2447 951 2510; x_wconf 90' lang='lat' dir='ltr'>eorum,</span> <span class='ocrx_word' id='word_1_103' title='bbox 979 2424 1096 2512; x_wconf 85' lang='lat' dir='ltr'>quibus</span> <span class='ocrx_word' id='word_1_104' title='bbox 1120 2426 1240 2493; x_wconf 78' lang='lat' dir='ltr'>nolitia</span> <span class='ocrx_word' id='word_1_105' title='bbox 1262 2425 1358 2493; x_wconf 89' lang='lat' dir='ltr'>nobis</span> 
     </span>
     <span class='ocr_line' id='line_1_19' title="bbox 347 2515 1359 2602; baseline 0.001 -20"><span class='ocrx_word' id='word_1_106' title='bbox 347 2517 381 2582; x_wconf 92' lang='lat' dir='ltr'>iu</span> <span class='ocrx_word' id='word_1_107' title='bbox 418 2540 479 2583; x_wconf 91' lang='lat' dir='ltr'>usu</span> <span class='ocrx_word' id='word_1_108' title='bbox 515 2521 580 2597; x_wconf 82' lang='lat' dir='ltr'>eal,</span> <span class='ocrx_word' id='word_1_109' title='bbox 616 2518 727 2601; x_wconf 82' lang='lat' dir='ltr'>polesl</span> <span class='ocrx_word' id='word_1_110' title='bbox 763 2539 864 2583; x_wconf 90' lang='lat' dir='ltr'>annos</span> <span class='ocrx_word' id='word_1_111' title='bbox 901 2515 1042 2582; x_wconf 87' lang='lat' dir='ltr'>hominis</span> <span class='ocrx_word' id='word_1_112' title='bbox 1081 2517 1240 2602; x_wconf 83' lang='lat' dir='ltr'>aequare?</span> <span class='ocrx_word' id='word_1_113' title='bbox 1294 2517 1359 2583; x_wconf 93' lang='lat' dir='ltr'>nisi</span> 
     </span>
     <span class='ocr_line' id='line_1_20' title="bbox 348 2605 1358 2690; baseline 0 -19"><span class='ocrx_word' id='word_1_114' title='bbox 348 2628 495 2672; x_wconf 83' lang='lat' dir='ltr'>recurras</span> <span class='ocrx_word' id='word_1_115' title='bbox 518 2606 604 2672; x_wconf 79' lang='lat' dir='ltr'>forle</span> <span class='ocrx_word' id='word_1_116' title='bbox 628 2606 668 2671; x_wconf 92' lang='lat' dir='ltr'>ad</span> <span class='ocrx_word' id='word_1_117' title='bbox 692 2628 739 2690; x_wconf 88' lang='lat' dir='ltr'>oa,</span> <span class='ocrx_word' id='word_1_118' title='bbox 761 2627 843 2690; x_wconf 90' lang='lat' dir='ltr'>quae</span> <span class='ocrx_word' id='word_1_119' title='bbox 867 2605 905 2670; x_wconf 90' lang='lat' dir='ltr'>de</span> <span class='ocrx_word' id='word_1_120' title='bbox 929 2606 1033 2671; x_wconf 92' lang='lat' dir='ltr'>coruis</span> <span class='ocrx_word' id='word_1_121' title='bbox 1058 2609 1156 2689; x_wconf 84' lang='lat' dir='ltr'>alque</span> <span class='ocrx_word' id='word_1_122' title='bbox 1175 2606 1358 2671; x_wconf 88' lang='lat' dir='ltr'>cornicibus</span> 
     </span>
     <span class='ocr_line' id='line_1_21' title="bbox 308 2693 1359 2779; baseline -0.005 -16"><span class='ocrx_word' id='word_1_123' title='bbox 308 2694 497 2763; x_wconf 76' lang='lat' dir='ltr'>aolabulosa</span> <span class='ocrx_word' id='word_1_124' title='bbox 525 2695 689 2777; x_wconf 74' lang='lat' dir='ltr'>dicuntur,</span> <span class='ocrx_word' id='word_1_125' title='bbox 716 2715 797 2779; x_wconf 89' lang='lat' dir='ltr'>quos</span> <span class='ocrx_word' id='word_1_126' title='bbox 824 2697 934 2758; x_wconf 74' lang='lat' dir='ltr'>tamen</span> <span class='ocrx_word' id='word_1_127' title='bbox 961 2693 1108 2758; x_wconf 90' lang='lat' dir='ltr'>uidemus</span> <span class='ocrx_word' id='word_1_128' title='bbox 1136 2694 1287 2759; x_wconf 85' lang='lat' dir='ltr'>omnibus</span> <span class='ocrx_word' id='word_1_129' title='bbox 1310 2693 1359 2758; x_wconf 92' lang='lat' dir='ltr'>in·</span> 
     </span>
     <span class='ocr_line' id='line_1_22' title="bbox 348 2781 1360 2867; baseline -0.001 -19"><span class='ocrx_word' id='word_1_130' title='bbox 348 2783 438 2848; x_wconf 80' lang='lat' dir='ltr'>hiare</span> <span class='ocrx_word' id='word_1_131' title='bbox 480 2783 691 2849; x_wconf 88' lang='lat' dir='ltr'>cadaueribus</span> <span class='ocrx_word' id='word_1_132' title='bbox 730 2781 954 2867; x_wconf 88' lang='lat' dir='ltr'>uniuersisque</span> <span class='ocrx_word' id='word_1_133' title='bbox 992 2781 1166 2847; x_wconf 85' lang='lat' dir='ltr'>seminibus</span> <span class='ocrx_word' id='word_1_134' title='bbox 1202 2781 1360 2867; x_wconf 87' lang='lat' dir='ltr'>insidiari,</span> 
     </span>
     <span class='ocr_line' id='line_1_23' title="bbox 347 2870 1359 2955; baseline 0.001 -20"><span class='ocrx_word' id='word_1_135' title='bbox 347 2871 470 2937; x_wconf 74' lang='lat' dir='ltr'>fructus</span> <span class='ocrx_word' id='word_1_136' title='bbox 495 2872 647 2936; x_wconf 89' lang='lat' dir='ltr'>arborum</span> <span class='ocrx_word' id='word_1_137' title='bbox 673 2872 830 2955; x_wconf 89' lang='lat' dir='ltr'>persequi.</span> <span class='ocrx_word' id='word_1_138' title='bbox 871 2892 948 2935; x_wconf 90' lang='lat' dir='ltr'>nam</span> <span class='ocrx_word' id='word_1_139' title='bbox 971 2891 1037 2934; x_wconf 94' lang='lat' dir='ltr'>non</span> <span class='ocrx_word' id='word_1_140' title='bbox 1060 2871 1166 2935; x_wconf 88' lang='lat' dir='ltr'>minus</span> <span class='ocrx_word' id='word_1_141' title='bbox 1190 2870 1359 2936; x_wconf 79' lang='lat' dir='ltr'>edacibabia</span> 
     </span>
     <span class='ocr_line' id='line_1_24' title="bbox 347 2958 1359 3045; baseline 0.001 -22"><span class='ocrx_word' id='word_1_142' title='bbox 347 2959 479 3043; x_wconf 71' lang='lat' dir='ltr'>habent,</span> <span class='ocrx_word' id='word_1_143' title='bbox 502 2982 598 3045; x_wconf 90' lang='lat' dir='ltr'>quam</span> <span class='ocrx_word' id='word_1_144' title='bbox 624 2959 662 3024; x_wconf 90' lang='lat' dir='ltr'>de</span> <span class='ocrx_word' id='word_1_145' title='bbox 686 2959 904 3045; x_wconf 78' lang='lat' dir='ltr'>longaeuilala</span> <span class='ocrx_word' id='word_1_146' title='bbox 924 2980 1035 3024; x_wconf 88' lang='lat' dir='ltr'>eorum</span> <span class='ocrx_word' id='word_1_147' title='bbox 1055 2958 1163 3043; x_wconf 92' lang='lat' dir='ltr'>opinio</span> <span class='ocrx_word' id='word_1_148' title='bbox 1182 2958 1359 3024; x_wconf 79' lang='lat' dir='ltr'>fabulabor.</span> 
     </span>
     <span class='ocr_line' id='line_1_25' title="bbox 347 3046 1413 3132; baseline 0.001 -19"><span class='ocrx_word' id='word_1_149' title='bbox 347 3048 537 3132; x_wconf 89' lang='lat' dir='ltr'>secundum,</span> <span class='ocrx_word' id='word_1_150' title='bbox 574 3051 601 3114; x_wconf 89' lang='lat' dir='ltr'>si</span> <span class='ocrx_word' id='word_1_151' title='bbox 634 3049 717 3114; x_wconf 90' lang='lat' dir='ltr'>bene</span> <span class='ocrx_word' id='word_1_152' title='bbox 748 3047 913 3131; x_wconf 88' lang='lat' dir='ltr'>recordor,</span> <span class='ocrx_word' id='word_1_153' title='bbox 944 3048 1126 3132; x_wconf 85' lang='lat' dir='ltr'>exemplum</span> <span class='ocrx_word' id='word_1_154' title='bbox 1159 3051 1222 3127; x_wconf 79' lang='lat' dir='ltr'>est,</span> <span class='ocrx_word' id='word_1_155' title='bbox 1256 3046 1359 3113; x_wconf 85' lang='lat' dir='ltr'>solere</span> <span class='ocrx_word' id='word_1_156' title='bbox 1372 3050 1413 3114; x_wconf 83' lang='lat'>12</span> 
     </span>
     <span class='ocr_line' id='line_1_26' title="bbox 307 3135 1360 3224; baseline -0.002 -20"><span class='ocrx_word' id='word_1_157' title='bbox 307 3163 332 3204; x_wconf 83' lang='grc' dir='ltr'>ιι</span> <span class='ocrx_word' id='word_1_158' title='bbox 346 3136 487 3203; x_wconf 88' lang='lat' dir='ltr'>medicos</span> <span class='ocrx_word' id='word_1_159' title='bbox 512 3139 619 3224; x_wconf 82' lang='lat' dir='ltr'>aegris</span> <span class='ocrx_word' id='word_1_160' title='bbox 643 3137 823 3222; x_wconf 88' lang='lat' dir='ltr'>simplicem</span> <span class='ocrx_word' id='word_1_161' title='bbox 847 3137 955 3202; x_wconf 90' lang='lat' dir='ltr'>cibum</span> <span class='ocrx_word' id='word_1_162' title='bbox 979 3135 1108 3222; x_wconf 79' lang='lat' dir='ltr'>offerre,</span> <span class='ocrx_word' id='word_1_163' title='bbox 1134 3158 1200 3202; x_wconf 93' lang='lat' dir='ltr'>non</span> <span class='ocrx_word' id='word_1_164' title='bbox 1223 3137 1360 3219; x_wconf 87' lang='lat' dir='ltr'>uarium,</span> 
     </span>
     <span class='ocr_line' id='line_1_27' title="bbox 347 3224 1360 3311; baseline 0 -20"><span class='ocrx_word' id='word_1_165' title='bbox 347 3249 420 3291; x_wconf 90' lang='lat' dir='ltr'>cum</span> <span class='ocrx_word' id='word_1_166' title='bbox 457 3226 543 3291; x_wconf 90' lang='lat' dir='ltr'>hunc</span> <span class='ocrx_word' id='word_1_167' title='bbox 575 3226 733 3309; x_wconf 74' lang='lat' dir='ltr'>offeratis,</span> <span class='ocrx_word' id='word_1_168' title='bbox 770 3229 807 3290; x_wconf 78' lang='lat' dir='ltr'>ut</span> <span class='ocrx_word' id='word_1_169' title='bbox 839 3227 970 3309; x_wconf 88' lang='lat' dir='ltr'>opinor,</span> <span class='ocrx_word' id='word_1_170' title='bbox 1006 3246 1073 3289; x_wconf 90' lang='lat' dir='ltr'>non</span> <span class='ocrx_word' id='word_1_171' title='bbox 1105 3224 1198 3310; x_wconf 90' lang='lat' dir='ltr'>quasi</span> <span class='ocrx_word' id='word_1_172' title='bbox 1231 3225 1360 3311; x_wconf 67' lang='lat' dir='ltr'>digestu</span> 
     </span>
     <span class='ocr_line' id='line_1_28' title="bbox 345 3313 1361 3400; baseline 0 -21"><span class='ocrx_word' id='word_1_173' title='bbox 345 3314 537 3394; x_wconf 84' lang='lat' dir='ltr'>faciliorem,</span> <span class='ocrx_word' id='word_1_174' title='bbox 565 3315 621 3380; x_wconf 85' lang='lat' dir='ltr'>aed</span> <span class='ocrx_word' id='word_1_175' title='bbox 649 3315 742 3400; x_wconf 89' lang='lat' dir='ltr'>quasi</span> <span class='ocrx_word' id='word_1_176' title='bbox 769 3313 877 3379; x_wconf 89' lang='lat' dir='ltr'>minus</span> <span class='ocrx_word' id='word_1_177' title='bbox 906 3313 1134 3398; x_wconf 75' lang='lat' dir='ltr'>adpetendum,</span> <span class='ocrx_word' id='word_1_178' title='bbox 1162 3317 1199 3379; x_wconf 80' lang='lat' dir='ltr'>ut</span> <span class='ocrx_word' id='word_1_179' title='bbox 1226 3313 1361 3380; x_wconf 88' lang='lat' dir='ltr'>horrore</span> 
     </span>
     <span class='ocr_line' id='line_1_29' title="bbox 346 3404 1360 3489; baseline -0.001 -19"><span class='ocrx_word' id='word_1_180' title='bbox 346 3404 518 3471; x_wconf 79' lang='lat' dir='ltr'>uniformia</span> <span class='ocrx_word' id='word_1_181' title='bbox 552 3405 725 3471; x_wconf 90' lang='lat' dir='ltr'>alimoniae</span> <span class='ocrx_word' id='word_1_182' title='bbox 758 3404 871 3469; x_wconf 89' lang='lat' dir='ltr'>edendi</span> <span class='ocrx_word' id='word_1_183' title='bbox 904 3404 1096 3469; x_wconf 87' lang='lat' dir='ltr'>desiderium</span> <span class='ocrx_word' id='word_1_184' title='bbox 1128 3404 1360 3489; x_wconf 73' lang='lat' dir='ltr'>languesceret,</span> 
     </span>
     <span class='ocr_line' id='line_1_30' title="bbox 346 3493 1360 3580; baseline -0.001 -20"><span class='ocrx_word' id='word_1_185' title='bbox 346 3495 439 3580; x_wconf 90' lang='lat' dir='ltr'>quasi</span> <span class='ocrx_word' id='word_1_186' title='bbox 463 3494 575 3560; x_wconf 81' lang='lat' dir='ltr'>mullis</span> <span class='ocrx_word' id='word_1_187' title='bbox 599 3494 837 3580; x_wconf 90' lang='lat' dir='ltr'>concoquendis</span> <span class='ocrx_word' id='word_1_188' title='bbox 859 3515 917 3578; x_wconf 90' lang='lat' dir='ltr'>per</span> <span class='ocrx_word' id='word_1_189' title='bbox 940 3493 1166 3559; x_wconf 80' lang='lat' dir='ltr'>infirmilalem</span> <span class='ocrx_word' id='word_1_190' title='bbox 1189 3514 1253 3558; x_wconf 91' lang='lat' dir='ltr'>uon</span> <span class='ocrx_word' id='word_1_191' title='bbox 1273 3494 1360 3559; x_wconf 85' lang='lat' dir='ltr'>sulfi-</span> 
     </span>
     <span class='ocr_line' id='line_1_31' title="bbox 308 3583 1361 3670; baseline -0.003 -18"><span class='ocrx_word' id='word_1_192' title='bbox 308 3612 335 3652; x_wconf 85' lang='grc' dir='ltr'>ιο</span> <span class='ocrx_word' id='word_1_193' title='bbox 348 3585 452 3650; x_wconf 76' lang='lat' dir='ltr'>ciente</span> <span class='ocrx_word' id='word_1_194' title='bbox 475 3587 602 3650; x_wconf 77' lang='lat' dir='ltr'>natura</span> <span class='ocrx_word' id='word_1_195' title='bbox 648 3584 722 3649; x_wconf 91' lang='lat' dir='ltr'>ideo</span> <span class='ocrx_word' id='word_1_196' title='bbox 746 3584 846 3670; x_wconf 89' lang='lat' dir='ltr'>siquis</span> <span class='ocrx_word' id='word_1_197' title='bbox 871 3583 1127 3668; x_wconf 73' lang='lat' dir='ltr'>aegrescentium</span> <span class='ocrx_word' id='word_1_198' title='bbox 1151 3583 1203 3648; x_wconf 90' lang='lat' dir='ltr'>uel</span> <span class='ocrx_word' id='word_1_199' title='bbox 1227 3583 1266 3648; x_wconf 88' lang='lat' dir='ltr'>de</span> <span class='ocrx_word' id='word_1_200' title='bbox 1288 3583 1361 3667; x_wconf 86' lang='lat' dir='ltr'>ipso</span> 
     </span>
     <span class='ocr_line' id='line_1_32' title="bbox 348 3671 1361 3758; baseline -0.002 -19"><span class='ocrx_word' id='word_1_201' title='bbox 348 3673 486 3758; x_wconf 91' lang='lat' dir='ltr'>simplici</span> <span class='ocrx_word' id='word_1_202' title='bbox 507 3672 645 3758; x_wconf 92' lang='lat' dir='ltr'>amplius</span> <span class='ocrx_word' id='word_1_203' title='bbox 666 3673 808 3757; x_wconf 76' lang='lat' dir='ltr'>adpetat,</span> <span class='ocrx_word' id='word_1_204' title='bbox 832 3671 1012 3738; x_wconf 80' lang='lat' dir='ltr'>subducilis</span> <span class='ocrx_word' id='word_1_205' title='bbox 1032 3671 1136 3738; x_wconf 91' lang='lat' dir='ltr'>adhuc</span> <span class='ocrx_word' id='word_1_206' title='bbox 1155 3671 1361 3737; x_wconf 75' lang='lat' dir='ltr'>desideranti.</span> 
     </span>
     <span class='ocr_line' id='line_1_33' title="bbox 347 3760 1361 3847; baseline -0.001 -21"><span class='ocrx_word' id='word_1_207' title='bbox 347 3761 418 3826; x_wconf 90' lang='lat' dir='ltr'>ideo</span> <span class='ocrx_word' id='word_1_208' title='bbox 450 3761 546 3827; x_wconf 90' lang='lat' dir='ltr'>uobis</span> <span class='ocrx_word' id='word_1_209' title='bbox 579 3764 762 3828; x_wconf 73' lang='lat' dir='ltr'>commento</span> <span class='ocrx_word' id='word_1_210' title='bbox 795 3762 853 3826; x_wconf 76' lang='lat' dir='ltr'>lali</span> <span class='ocrx_word' id='word_1_211' title='bbox 887 3783 953 3827; x_wconf 94' lang='lat' dir='ltr'>non</span> <span class='ocrx_word' id='word_1_212' title='bbox 986 3761 1128 3847; x_wconf 75' lang='lat' dir='ltr'>qualitas</span> <span class='ocrx_word' id='word_1_213' title='bbox 1163 3760 1219 3826; x_wconf 90' lang='lat' dir='ltr'>sed</span> <span class='ocrx_word' id='word_1_214' title='bbox 1247 3760 1361 3825; x_wconf 89' lang='lat' dir='ltr'>modus</span> 
     </span>
    </p>
   </div>
   <div class='ocr_carea' id='block_1_3' title="bbox 347 3935 1365 4288">
    <p class='ocr_par' dir='ltr' id='par_1_3' title="bbox 347 3935 1365 4288">
     <span class='ocr_line' id='line_1_34' title="bbox 420 3935 1361 4004; baseline -0.004 -12"><span class='ocrx_word' id='word_1_215' title='bbox 420 3943 433 3992; x_wconf 91' lang='lat'>1</span> <span class='ocrx_word' id='word_1_216' title='bbox 453 3937 642 3992; x_wconf 82' lang='grc' dir='ltr'>ΠΤΟΡΟΟΥ(</span> <span class='ocrx_word' id='word_1_217' title='bbox 655 3936 683 3990; x_wconf 86' lang='grc' dir='ltr'><em>Ρ</em></span> <span class='ocrx_word' id='word_1_218' title='bbox 753 3935 1056 4004; x_wconf 66' lang='grc' dir='ltr'>Α·ΠοΥΡωΓΟλΥ(ΑΙ</span> <span class='ocrx_word' id='word_1_219' title='bbox 1067 3935 1095 3989; x_wconf 94' lang='lat' dir='ltr'><strong><em>P</em></strong></span> <span class='ocrx_word' id='word_1_220' title='bbox 1163 3936 1274 3989; x_wconf 72' lang='lat' dir='ltr'>roricone</span> <span class='ocrx_word' id='word_1_221' title='bbox 1286 3936 1361 3989; x_wconf 84' lang='grc' dir='ltr'><strong><em>τιθύ-</em></strong></span> 
     </span>
     <span class='ocr_line' id='line_1_35' title="bbox 347 4005 1365 4077; baseline -0.006 -13"><span class='ocrx_word' id='word_1_222' title='bbox 347 4013 450 4076; x_wconf 85' lang='grc' dir='ltr'><strong><em>μαλλον</em></strong></span> <span class='ocrx_word' id='word_1_223' title='bbox 469 4008 620 4077; x_wconf 76' lang='lat' dir='ltr'>Berplcr&#39;as:</span> <span class='ocrx_word' id='word_1_224' title='bbox 634 4008 812 4062; x_wconf 72' lang='grc' dir='ltr'>ΤΟΥΤΟΙΕΙΝ</span> <span class='ocrx_word' id='word_1_225' title='bbox 832 4007 1007 4061; x_wconf 66' lang='grc' dir='ltr'>ΕλΛΛΛΟΗΝ</span> <span class='ocrx_word' id='word_1_226' title='bbox 1030 4005 1057 4059; x_wconf 91' lang='grc' dir='ltr'><strong><em>Ρ</em></strong></span> <span class='ocrx_word' id='word_1_227' title='bbox 1109 4005 1321 4075; x_wconf 53' lang='lat' dir='ltr'>mammii</span> <span class='ocrx_word' id='word_1_228' title='bbox 1336 4006 1365 4059; x_wconf 93' lang='grc' dir='ltr'><strong><em>Ρ</em></strong></span> 
     </span>
     <span class='ocr_line' id='line_1_36' title="bbox 347 4075 1362 4143; baseline -0.004 -9"><span class='ocrx_word' id='word_1_229' title='bbox 347 4081 609 4136; x_wconf 79' lang='grc' dir='ltr'><strong>4ΠοΛΥΦΥΜοΝ</strong></span> <span class='ocrx_word' id='word_1_230' title='bbox 629 4078 657 4132; x_wconf 86' lang='grc' dir='ltr'><em>Ρ</em></span> <span class='ocrx_word' id='word_1_231' title='bbox 709 4081 725 4130; x_wconf 79' lang='lat' dir='ltr'>b</span> <span class='ocrx_word' id='word_1_232' title='bbox 744 4079 828 4132; x_wconf 78' lang='grc' dir='ltr'><strong><em>ἐλάαν</em></strong></span> <span class='ocrx_word' id='word_1_233' title='bbox 847 4077 990 4132; x_wconf 76' lang='lat' dir='ltr'>Bentleim</span> <span class='ocrx_word' id='word_1_234' title='bbox 1006 4077 1083 4131; x_wconf 80' lang='grc' dir='ltr'><strong><em>Μαι.</em></strong></span> <span class='ocrx_word' id='word_1_235' title='bbox 1098 4075 1186 4130; x_wconf 75' lang='lat' dir='ltr'>Rhea.</span> <span class='ocrx_word' id='word_1_236' title='bbox 1202 4079 1285 4143; x_wconf 83' lang='grc'><strong><em>1881,</em></strong></span> <span class='ocrx_word' id='word_1_237' title='bbox 1302 4079 1362 4130; x_wconf 77' lang='grc'>326</span> 
     </span>
     <span class='ocr_line' id='line_1_37' title="bbox 349 4143 1364 4215; baseline -0.006 -12"><span class='ocrx_word' id='word_1_238' title='bbox 349 4149 706 4206; x_wconf 81' lang='grc' dir='ltr'>7·θΕΡ1ΚΟΝ-ΚΙ((ΟΝ·</span> <span class='ocrx_word' id='word_1_239' title='bbox 731 4149 759 4202; x_wconf 92' lang='grc' dir='ltr'><strong><em>Ρ</em></strong></span> <span class='ocrx_word' id='word_1_240' title='bbox 848 4154 880 4202; x_wconf 77' lang='grc'>16</span> <span class='ocrx_word' id='word_1_241' title='bbox 906 4162 1026 4215; x_wconf 83' lang='lat' dir='ltr'>mrrpara</span> <span class='ocrx_word' id='word_1_242' title='bbox 1051 4147 1079 4200; x_wconf 93' lang='lat' dir='ltr'><strong><em>P</em></strong></span> <span class='ocrx_word' id='word_1_243' title='bbox 1168 4151 1201 4199; x_wconf 78' lang='lat'>16</span> <span class='ocrx_word' id='word_1_244' title='bbox 1220 4143 1318 4199; x_wconf 75' lang='lat' dir='ltr'>mullis</span> <span class='ocrx_word' id='word_1_245' title='bbox 1335 4143 1364 4197; x_wconf 89' lang='lat' dir='ltr'><strong><em>P</em></strong></span> 
     </span>
     <span class='ocr_line' id='line_1_38' title="bbox 349 4216 1204 4288; baseline -0.006 -14"><span class='ocrx_word' id='word_1_246' title='bbox 349 4227 381 4275; x_wconf 80' lang='lat'>18</span> <span class='ocrx_word' id='word_1_247' title='bbox 401 4222 443 4276; x_wconf 73' lang='lat' dir='ltr'>elb</span> <span class='ocrx_word' id='word_1_248' title='bbox 460 4221 559 4278; x_wconf 78' lang='lat' dir='ltr'>ouuP</span> <span class='ocrx_word' id='word_1_249' title='bbox 609 4223 642 4273; x_wconf 87' lang='lat' dir='ltr'>m</span> <span class='ocrx_word' id='word_1_250' title='bbox 663 4217 823 4288; x_wconf 69' lang='lat' dir='ltr'>appbatP</span> <span class='ocrx_word' id='word_1_251' title='bbox 883 4223 916 4272; x_wconf 74' lang='lat'>³2</span> <span class='ocrx_word' id='word_1_252' title='bbox 936 4217 1013 4288; x_wconf 85' lang='lat' dir='ltr'>ideo]</span> <span class='ocrx_word' id='word_1_253' title='bbox 1028 4217 1051 4284; x_wconf 67' lang='grc' dir='ltr'>λς</span> <span class='ocrx_word' id='word_1_254' title='bbox 1066 4216 1204 4285; x_wconf 79' lang='grc' dir='ltr'><strong><em>αύοοΙΡ</em></strong></span> 
     </span>
    </p>
   </div>
   <div class='ocr_carea' id='block_1_4' title="bbox 0 0 1731 5190">
    <p class='ocr_par' dir='ltr' id='par_1_4' title="bbox 0 0 1731 5190">
     <span class='ocr_line' id='line_1_39' title="bbox 0 0 1731 5190; baseline 0 0"><span class='ocrx_word' id='word_1_255' title='bbox 0 0 1731 5190; x_wconf 95' lang='lat' dir='ltr'> </span> 
     </span>
    </p>
   </div>
  </div>
 </body>
</html>
