3322 5190
665 807 716 861 llll
734 813 840 862 23-25
867 810 890 861 V
912 814 979 863 1-5

356 966 434 1053 qnid
456 988 631 1033 memorem
655 966 824 1033 Alcidem?

357 1058 507 1122 Antenor
529 1057 639 1142 poluit
660 1055 776 1122 mediis
799 1056 928 1141 clapsus
952 1056 1097 1123 Achiuis.

314 1181 393 1245 haec
429 1180 516 1245 enim
554 1181 664 1245 omnia
700 1180 959 1246 misericordiam
991 1184 1138 1265 monenl,
1174 1182 1327 1266 quoniam

314 1267 483 1354 indignum
503 1268 631 1334 uidelnr
653 1272 765 1353 negari
790 1269 862 1351 sibi,
886 1268 972 1353 quod
995 1269 1067 1334 aliis
1091 1269 1251 1336 indultum
1276 1270 1360 1349 sil,3

289 1357 427 1432 adelade
451 1357 534 1441 uide,
556 1358 641 1423 unde
664 1361 762 1442 auget
785 1357 942 1423 inuidiam

358 1484 386 1550 si
410 1483 519 1570 poinil
540 1480 653 1548 Manes
677 1504 841 1547 accersere
865 1482 1014 1570 coniugis
1038 1482 1193 1568 Orpheus.

315 1608 416 1673 hebes
453 1628 584 1673 censam
621 1606 796 1692 disparem:
833 1606 948 1673 Manes
980 1606 1047 1673 illic
1078 1607 1238 1693 coniugis,
1275 1608 1328 1673 hic

315 1697 432 1781 palris3
456 1696 524 1761 illis
547 1717 720 1774 accersere,
744 1694 797 1761 hic
819 1696 936 1762 nidere.

358 1820 511 1886 Threicia
533 1820 635 1885 fretus
657 1819 791 1885 cithara.

280 1945 368 2014 alric
392 1943 562 2009 meletiam
587 1942 656 2006 eins
681 1941 792 2006 irrisit.

359 2065 388 2131 si
410 2065 546 2130 fratrem
569 2063 684 2128 Pollux
708 2065 834 2128 alterne
856 2066 963 2128 marla
986 2062 1134 2146 redemit,
1338 2063 1360 2127 4

358 2153 448 2236 iique
471 2151 617 2234 redilque
639 2152 729 2214 uiam
752 2151 881 2215 totiens.

317 2274 380 2340 lroc
397 2274 462 2340 iam
482 2271 627 2357 amodo,
648 2274 721 2356 plus
740 2275 792 2337 est
810 2294 882 2337 enm
902 2293 998 2367 saepe
1017 2272 1065 2336 ire
1089 2294 1185 2357 quam
1209 2273 1323 2338 semel.

529 2395 605 2480 quid
628 2394 754 2461 Thessa
776 2416 931 2483 magnum

283 2516 308 2558 rs
366 2486 443 2573 quid
467 2507 642 2551 memorem
665 2485 827 2551 Alciden?

318 2611 372 2678 hic
399 2613 534 2697 propter
560 2611 711 2698 egregias
733 2633 892 2695 personas
919 2632 986 2676 non
1008 2610 1138 2693 habuit,
1161 2610 1248 2695 quod
1271 2611 1331 2676 mi-

318 2702 434 2765 nuerat
465 2702 562 2784 alque
592 2702 729 2782 augeret
755 2721 879 2783 nerum,
909 2700 993 2783 quod
1023 2698 1057 2763 in
1086 2699 1151 2764 illis
1174 2698 1332 2783 elucebat,

318 2788 380 2853 hoe
402 2786 465 2852 sibi
488 2786 590 2852 iaciat
612 2808 686 2852 cnm
708 2787 761 2851 his
784 2808 855 2851 esse
870 2808 1047 2852 commune

532 2912 566 2974 et
588 2909 633 2974 mi
657 2929 759 2994 genus
783 2910 824 2975 ab
847 2908 925 2975 Ioue
948 2931 1111 2975 summo.-

280 3032 425 3187 ηῗίωἰῐο
453 3035 505 3098 eal
530 3035 564 3098 el
590 3032 671 3097 illud
699 3034 739 3099 ab
764 3032 1002 3121 indignatione:
1031 3032 1108 3119 quid
1131 3032 1240 3100 enim?
1286 3029 1363 3099 alib

335 3145 398 3189 nno

532 3211 687 3277 Pallasne
709 3236 840 3279 exurere
862 3214 1000 3280 classem
1028 3178 1031 3182 Ι

360 3300 527 3387 ,Argiuum
549 3302 680 3386 poluit?

320 3426 385 3490 iem
412 3425 476 3490 hoe
502 3423 577 3507 plus
605 3426 668 3508 esi,
699 3425 836 3489 classem
860 3425 1026 3491 niclricem
1055 3447 1152 3511 quam
1180 3424 1333 3511 reliquias

281 3538 307 3580 as
320 3512 523 3599 fngientium.
569 3511 684 3577 deinde
707 3535 839 3579 causam
862 3513 981 3580 minuit

365 3636 462 3702 nnius
486 3635 528 3701 ob
550 3657 668 3702 noxam
693 3639 727 3701 el
749 3638 850 3702 furies
873 3636 984 3703 Aiacis
1008 3636 1105 3718 Oilei,

321 3780 419 3843 qnam
453 3758 583 3840 minnil,
615 3761 652 3821 ul
682 3780 800 3824 noxam
832 3760 967 3843 dicerel‚
998 3759 1083 3844 quod
1114 3758 1194 3823 leuis
1221 3758 1335 3842 cnlpae

392 3936 409 3983 ἱ
428 3929 498 3986 Aen.
517 3929 528 3982 l
546 3934 598 3983 242
654 3935 688 3984 22
707 3931 744 3985 ib.
762 3931 775 3984 l
795 3936 828 3986 aa

394 4090 540 4146 aecelcsia
558 4090 662 4144 lanias
716 4092 782 4144 dira
801 4090 866 4146 mdc
885 4097 923 4146 eal
942 4106 957 4146 e
975 4091 1080 4146 laras.
1098 4090 1130 4144 ia
1150 4089 1178 4143 P
1230 4093 1264 4141 26
1284 4086 1335 4142 cili

323 4160 549 4231 sandaracam,
567 4160 623 4216 cles
642 4161 670 4215 P
