3322 5190
638 803 691 860 ιιιι
709 808 816 860 ee-re
841 802 906 860 xm
926 808 995 859 1-c
1258 801 1326 868 455

311 964 473 1031 iaciuntur
495 965 529 1031 in
552 965 703 1049 Pontum,
725 966 814 1032 iores
835 965 926 1051 pelli,
950 965 979 1031 ei
1001 985 1079 1031 uero
1102 963 1253 1031 columne
1271 963 1325 1030 ‹le-

311 1051 434 1136 ciderit,
456 1054 632 1120 introrsum
655 1055 781 1120 minari.
822 1058 857 1119 et
876 1053 939 1119 hoc
957 1074 1053 1138 enepe
1072 1074 1132 1118 neu
1150 1052 1325 1138 probatum

311 1143 376 1224 eet,
411 1145 449 1206 nt
480 1143 634 1227 grauiore
665 1164 810 1227 quaeque
842 1142 876 1207 iu
908 1141 1009 1206 fundo
1042 1139 1251 1224 Propontidis
1283 1138 1326 1204 ed

311 1227 408 1294 Ponti
431 1230 587 1296 interiore
609 1230 795 1314 pellentur?

280 1333 293 1375 ὁ
399 1315 548 1383 ‘Adiecte
566 1318 629 1385 hec
647 1341 713 1384 unu
730 1317 968 1384 consultatione
985 1315 1137 1398 reticebo,
1155 1337 1212 1381 cur
1229 1336 1325 1381 omne
1334 1315 1377 1382 38

311 1404 454 1472 dulcium
479 1407 585 1492 megin
607 1407 698 1473 dulce
718 1406 855 1489 uidetur,
877 1427 950 1472 cum
970 1403 1123 1490 frigidum
1142 1407 1202 1489 eet,
1224 1425 1323 1489 quum

311 1493 339 1558 ei
362 1494 508 1561 calcetl'
548 1495 717 1582 respoudit
734 1493 883 1560 Diceriue
906 1493 1014 1562 ‘calor
1036 1515 1168 1559 eeneum
1187 1495 1326 1578 occupet
1348 1566 1352 1573 Δ

311 1586 343 1647 et
366 1588 534 1669 gustulum
559 1583 691 1670 linguae
715 1584 824 1650 feruor
842 1583 1026 1668 interpelli.
1063 1582 1135 1647 ideo
1154 1602 1324 1665 excepere·

310 1671 400 1735 tione
437 1673 503 1738 orie
539 1678 717 1757 prneuenle
753 1672 899 1737 suauitas
933 1670 1123 1737 excluditur.
1177 1669 1261 1754 quod
1295 1667 1324 1734 ei

272 1777 297 1816 1⁰
311 1761 429 1826 caloris
462 1762 550 1827 ebeit
580 1762 713 1847 iniuria,
746 1764 815 1826 lum
843 1761 972 1826 demum
1000 1763 1110 1844 potest
1137 1759 1252 1844 lingue
1278 1758 1325 1823 in·

311 1849 430 1915 columi
464 1850 686 1916 blandimento
714 1848 916 1916 dulcedinem
942 1871 1002 1935 pro
1031 1848 1147 1914 merito
1176 1847 1246 1913 eine
1274 1869 1325 1913 ex·

311 1941 427 2024 cipere.
463 1943 633 2026 praetcrea
652 1962 747 2006 eucue
767 1939 869 2004 dulcie
890 1962 946 2024 per
965 1939 1105 2005 calorem
1124 1959 1191 2002 non
1205 1938 1325 2021 inpune

310 2032 461 2112 penetret
492 2050 648 2095 uenarum
681 2029 894 2113 receptacula,
926 2031 961 2093 et
991 2028 1063 2093 ideo
1095 2049 1182 2093 noxe
1208 2026 1327 2092 minuit

311 2116 534 2202 uoluptatem?

270 2246 297 2289 ¹⁸
400 2239 563 2306 Succeeeit
577 2240 696 2321 Horus,
714 2244 748 2305 et
766 2240 855 2306 ‘cum
875 2238 995 2303 multe'
1010 2238 1116 2324 inquit
1134 2236 1190 2303 ‘de
1208 2235 1378 2322 potqull

311 2333 344 2395 et
377 2329 488 2394 cibetu
522 2328 702 2414 queeeieeet
730 2328 889 2415 Auienus,
920 2348 1020 2392 unum
1050 2327 1188 2392 menime
1216 2347 1324 2391 necee-

310 2418 447 2500 sarium,
479 2421 594 2503 eponte
624 2441 665 2484 un
694 2419 815 2484 oblitus
843 2417 975 2503 ignoro,
1003 2415 1235 2503 praetermisit,
1267 2437 1324 2481 eur

309 2508 408 2575 ieiuni
432 2511 537 2595 iringis
560 2511 673 2575 eitiunt
697 2533 793 2596 qutun
818 2507 975 2574 esurriunt.
1013 2507 1129 2574 hocin
1152 2527 1324 2573 commune

309 2599 415 2685 nobie,
437 2598 556 2683 Dieari,
579 2601 607 2664 si
631 2600 768 2685 uidetur,
793 2596 950 2664 absolue?

271 2714 298 2755 ιο
401 2689 445 2753 Et
466 2687 523 2753 ille
546 2687 626 2754 ‘rem
650 2692 792 2755 trectetu
815 2687 957 2774 dignem'
980 2687 1086 2772 inquit
1103 2685 1204 2752 ‘Here
1227 2687 1355 2772 qnae-2

312 2777 393 2860 eieti,
417 2777 473 2840 sed
493 2777 584 2842 cuius
604 2778 687 2841 nulio
711 2778 745 2840 in
765 2781 877 2859 aperto
896 2777 948 2841 eit.
994 2797 1068 2841 cum
1092 2775 1177 2840 enim
1203 2773 1322 2838 animal

311 2884 350 2927 ex
374 2864 510 2928 diuersis
535 2868 662 2930 constet
685 2865 865 2946 clementie,
893 2886 991 2928 unum
1016 2867 1068 2927 eet
1089 2863 1129 2926 de
1152 2862 1218 2943 hie,
1241 2882 1324 2947 quae

310 2973 427 3036 corpus
460 2953 620 3035 ellicinnt,
652 2954 738 3037 qnod
772 2956 805 3016 et
839 2952 943 3018 eolum
981 2955 1038 3016 eut
1067 2951 1206 3015 maxime
1236 2949 1326 3014 ultra

311 3047 419 3104 cetere
447 3050 559 3124 aptum
590 3041 654 3105 sibi
684 3043 820 3126 qnecrut
847 3041 1051 3123 alimentum,
1078 3040 1220 3104 calorem
1243 3037 1324 3119 dico,

272 3129 367 3212 requi
399 3130 555 3214 liquorem
589 3130 650 3193 eibi
680 3131 781 3215 exigit
815 3130 1003 3195 ministrari.
1053 3131 1140 3194 certe
1174 3126 1214 3191 de
1245 3125 1355 3210 ipsis‘rl

310 3219 463 3299 quattuor
500 3217 668 3281 elementis
704 3218 904 3284 extrinsecus
931 3217 1079 3282 uidemus
1115 3236 1175 3281 nec
1207 3236 1325 3300 equum

310 3325 368 3367 nec
387 3326 491 3369 aerem
517 3326 620 3389 neque
643 3309 763 3369 terrem
783 3306 915 3390 aliquid,
939 3327 1003 3388 quo
1027 3305 1135 3369 eletur
1158 3305 1217 3368 ent
1239 3303 1325 3388 qnod

309 3397 494 3474 consumet,
524 3393 652 3477 exigere
679 3392 867 3478 nullamque
894 3415 1014 3458 noxum
1042 3392 1158 3457 uicinie
1188 3390 1241 3456 uel
1269 3389 1324 3455 ed-

310 3479 426 3562 positis
446 3480 509 3544 eibi
528 3482 624 3545 rebus
643 3482 771 3563 inferre,
794 3481 883 3546 solue
902 3480 990 3567 ignis
1009 3480 1156 3546 alimenti
1175 3480 1324 3566 perpetui

271 3593 297 3633 eo
311 3568 468 3634 desiderio
488 3570 639 3655 quicquid
659 3570 793 3635 offendit
811 3571 964 3635 absumit.
1009 3570 1132 3655 inspice
1151 3574 1184 3635 et
1201 3569 1356 3653 primue4

312 3659 430 3722 uetetie
455 3658 639 3743 inl'entiem,
663 3663 822 3743 quantum
851 3659 959 3724 cibum
986 3659 1087 3724 nimio
1116 3659 1223 3725 celore
1251 3679 1326 3724 con·

311 3748 413 3830 ficiet,
441 3751 475 3811 et
498 3751 612 3813 contre
634 3770 727 3813 senes
752 3748 848 3814 facile
870 3749 981 3833 cogita
1003 3748 1144 3814 tolerare
1167 3748 1322 3813 ieiunium

310 3837 402 3920 queri
426 3837 585 3902 exstincto
609 3837 695 3922 iguis
718 3838 840 3922 calore,
867 3838 922 3922 qui
950 3838 1158 3902 nutrimentis
1186 3837 1325 3902 recreari

311 3925 400 3991 solet.
446 3925 502 3991 sed
535 3930 568 3992 et
602 3926 710 3991 medie
740 3931 846 4010 aetus,
875 3928 903 3991 ei
942 3926 1044 3992 multo
1082 3926 1233 3992 exercitio
1271 3947 1323 3990 ex·

381 4178 413 4226 12
428 4190 541 4242 impune
563 4172 590 4225 P
