3322 5190
305 773 349 839 48
699 769 775 828 sna.
794 770 892 827 melu
911 771 922 824 1

307 937 379 1002 nius
404 936 535 1020 qnidam
554 934 717 1000 Maximus
740 955 869 999 semum
893 957 987 999 suum
1011 935 1216 1000 uerberatum
1236 936 1321 1019 pati·

307 1025 448 1110 boloque
468 1023 680 1090 constrictum
700 1027 776 1089 ante
794 1023 968 1109 spectaculi
983 1024 1244 1090 commissionem
1263 1046 1322 1109 per

307 1115 427 1180 circum
448 1115 513 1200 egi:
533 1114 575 1179 ob
593 1136 690 1199 qnam
704 1134 836 1178 causam
851 1112 1038 1198 indignatus
1052 1112 1197 1199 Iuppiter
1212 1113 1323 1179 Annio

309 1205 435 1269 cuidam
467 1225 524 1286 per
554 1203 694 1289 quietem
723 1202 909 1288 imperauit,
940 1206 976 1267 ut
1004 1203 1129 1268 senatui
1156 1203 1325 1268 nuntiaret

276 1295 374 1360 4non
398 1294 459 1359 sibi
484 1294 642 1379 placuisse
665 1292 795 1379 plenum
814 1292 1015 1358 crudelitatis
1034 1291 1219 1359 admissum.
1257 1314 1323 1378 quo
1348 1319 1361 1360 a

307 1383 531 1448 dissimulante
555 1383 659 1447 illium
683 1381 785 1465 ipsius
809 1402 896 1446 mors
920 1382 1090 1466 repentina
1109 1382 1324 1467 consumpsit,

307 1492 345 1537 ao
372 1475 448 1557 post
475 1470 647 1536 secundem
675 1469 951 1535 denuntiationem
980 1471 1021 1535 ob
1050 1470 1185 1534 eandem
1210 1471 1323 1556 negle-

307 1560 451 1646 gentiam
480 1561 551 1645 ipse
575 1580 701 1644 quoque
724 1559 757 1622 in
781 1559 923 1624 subitam
948 1559 1093 1643 corporis
1117 1557 1322 1624 debilitatem

308 1649 433 1714 solutus
456 1654 515 1715 est.
559 1650 605 1713 sic
629 1648 756 1712 demum
780 1669 818 1711 ex
842 1647 977 1712 consilio
1002 1647 1181 1713 amicorum
1204 1647 1322 1713 lectica

307 1737 434 1802 delatus
462 1737 589 1802 senatui
615 1736 739 1818 retulit,
771 1740 804 1801 et
836 1735 891 1800 uix
919 1740 1142 1802 consummato
1170 1757 1321 1802 sermone
1338 1762 1364 1803 ro

308 1826 377 1890 sine
410 1847 501 1890 mora
532 1827 722 1908 recuperata
749 1825 834 1888 bona
861 1824 1040 1889 ualitudine
1067 1823 1157 1889 curia
1183 1824 1322 1909 pedibus

277 1914 459 1999 degressus
488 1916 546 1979 est.
592 1935 631 1977 ex
659 1917 789 1977 senatus
816 1913 925 1996 itaque
952 1914 1101 1978 consultu
1129 1916 1162 1977 ct
1190 1911 1322 1978 Maenia

308 2002 381 2086 lege
408 2002 448 2065 ad
476 2001 716 2085 propitiandum
738 2000 849 2066 Ionem
880 1999 1009 2065 additus
1033 2001 1169 2065 estillic
1192 1998 1322 2065 (lireca-

309 2089 400 2153 sibus
428 2090 511 2171 dies,
542 2089 635 2172 isque
667 2089 968 2154 instauraticins
995 2088 1099 2153 dictus
1128 2093 1179 2152 est
1206 2110 1273 2153 non
1302 2111 1324 2155 a

307 2177 469 2261 patibulo,
497 2180 534 2240 nt
556 2176 687 2260 quidam
711 2181 842 2261 putant,
868 2175 991 2241 Graeco
1015 2176 1146 2240 nomiae
1170 2175 1234 2241 ἀπὸ
1257 2185 1320 2242 τοῦ
1336 2202 1361 2242 re

307 2272 469 2349 σταυροῦ,
498 2264 552 2329 sed
582 2286 602 2328 a
629 2263 917 2350 redintegratione,
950 2270 987 2329 ut
1014 2263 1177 2330 Vennoni
1204 2265 1322 2349 placet,

277 2353 363 2436 liqui
399 2353 622 2416 instaurare
660 2353 707 2416 ait
739 2373 823 2416 esse
859 2352 986 2415 instar
1022 2373 1173 2417 nouare.
1228 2353 1321 2417 uides

307 2444 431 2524 quanta
454 2440 493 2503 de
517 2461 611 2504 seruo
635 2438 675 2503 ad
699 2439 829 2504 deorum
849 2461 1011 2503 summum
1029 2461 1107 2505 cure
1124 2441 1321 2525 peruenerit.

306 2528 368 2592 tibi
392 2532 498 2592 autem
525 2526 608 2592 unde
631 2527 665 2590 in
689 2549 801 2592 seruos
825 2531 953 2592 tantum
975 2531 1095 2593 ettam
1114 2529 1208 2593 inane
1228 2528 1319 2594 fasti-

307 2615 396 2681 dium
421 2615 512 2700 quasi
535 2636 600 2680 non
624 2637 662 2679 ex
686 2616 805 2681 eisdem
828 2616 890 2680 tibi
913 2620 947 2682 et
968 2619 1118 2682 constent
1137 2620 1171 2682 et
1188 2616 1321 2683 alantur
1335 2642 1361 2683 so

307 2704 492 2789 elementis,
529 2704 726 2788 eundemque
759 2706 908 2790 spiritum
941 2706 982 2772 ab
1016 2706 1127 2771 eodem
1160 2706 1320 2792 principio

278 2795 466 2878 lcurpant?
513 2795 562 2860 uis
590 2797 625 2860 tu
654 2795 797 2880 cogitare
825 2817 892 2879 eos,
919 2818 999 2881 quos
1024 2797 1074 2861 ius
1097 2799 1188 2861 tuum
1211 2819 1321 2882 uocas,

306 2885 409 2950 isdem
434 2884 612 2951 seminibus
637 2892 724 2950 ortos
746 2885 856 2950 eodem
876 2885 939 2950 frui
958 2886 1058 2971 eaelo,
1081 2908 1182 2972 acque
1200 2886 1322 2972 uiuere,

308 2995 407 3058 aeque
430 2973 536 3039 mori?
577 2975 661 3039 serui
686 2978 773 3039 sunt:
798 2975 896 3039 immo
920 2974 1078 3041 homines.
1120 2977 1205 3041 serni
1229 2981 1320 3042 sunt:

307 3064 405 3128 immo
434 3063 596 3146 conserui,
623 3063 650 3126 ai
676 3063 870 3148 cogitaueris
894 3065 1083 3128 tantundem
1107 3065 1142 3128 in
1165 3069 1319 3150 utrosque
1334 3087 1360 3128 sa

307 3149 404 3214 licere
436 3150 592 3214 fortunae.
643 3153 710 3214 tam
740 3155 774 3214 tu
803 3151 894 3215 illum
923 3152 1031 3216 uidere
1060 3151 1196 3216 liberum
1227 3159 1321 3238 potes

308 3260 404 3321 quam
423 3238 478 3302 ille
493 3242 524 3302 te
544 3260 683 3302 seruum.
715 3241 821 3303 risseio
840 3262 904 3324 qua
922 3245 1028 3305 aetate
1044 3239 1178 3305 Hecuba
1197 3243 1321 3306 seruire

308 3327 459 3410 coeperit,
483 3347 547 3409 qua
566 3325 713 3410 Croesus,
732 3350 796 3410 qua
814 3327 911 3392 Darei
932 3335 1044 3414 mater,
1063 3351 1127 3412 qua
1147 3329 1321 3415 Diogenes,

278 3417 374 3498 8qna
397 3413 491 3479 Plato
515 3415 607 3498 ipse?
651 3418 816 3499 postremo
840 3417 916 3500 qnid
939 3418 986 3481 ita
1009 3439 1125 3481 nomen
1149 3420 1320 3485 seruitutis

307 3503 499 3568 horremus?
549 3525 660 3567 seruus
689 3508 739 3568 est
766 3505 908 3590 quidem,
940 3505 995 3570 scd
1023 3507 1229 3590 necessitate,
1262 3507 1318 3573 sed
1335 3527 1362 3568 sc

307 3591 447 3655 sortasse
469 3591 571 3655 libero
595 3591 703 3655 animo
727 3614 840 3658 seruus
864 3597 920 3658 est
966 3593 1027 3658 hoc
1050 3594 1098 3657 illi
1123 3595 1269 3679 nocebit,
1292 3598 1322 3660 si

308 3708 520 3716 ——-—-.--

379 3765 600 3837 tcdlnnlronem
619 3762 654 3820 B'
727 3770 770 3822 ter
788 3784 828 3822 err
847 3772 881 3822 cn
901 3772 980 3837 egit·
1002 3768 1030 3821 P
1100 3773 1282 3825 lnnncrnrct
1297 3773 1325 3826 P

309 3836 440 3904 tquodsr
459 3835 604 3891 simulante
622 3835 656 3889 n
731 3839 1008 3894 tdenuncratronem
1027 3841 1054 3892 B
1129 3847 1161 3893 11
1181 3859 1277 3896 merua
1296 3844 1325 3897 1'

309 3965 342 4012 13
360 3907 515 4033 piiandum
535 3960 563 4014 P
633 3965 665 4013 14
684 3961 753 4029 rlan
772 3962 800 4015 P
867 3968 900 4015 lt
918 3964 1175 4019 ΛΠΟΥΠΑΥΡΟΥ
1196 3965 1224 4018 Ρ
1287 3971 1321 4022 18

308 4039 419 4136 quiante
436 4067 464 4119 Β
528 4071 563 4118 10
582 4066 665 4120 tidem
684 4068 733 4137 (P)
797 4074 829 4121 11
850 4068 967 4123 eandem
987 4085 1125 4193 pnncrpro
1144 4069 1179 4123 B‘
1244 4088 1321 4140 pnn-

308 4150 369 4205 crpe
388 4137 416 4190 P
468 4141 502 4190 17
522 4136 649 4193 haecubo
666 4139 693 4192 Β
748 4143 782 4193 18
802 4144 909 4212 opperit
927 4140 955 4194 P
1005 4147 1039 4196 19
1057 4143 1156 4210 patoa
1177 4141 1205 4194 P
