3322 5190
328 823 371 888 28
722 822 798 880 SA'I'.
816 822 915 880 LIBRI
933 821 946 876 1

329 984 430 1049 fundo
462 1007 519 1048 seu
551 986 619 1049 tilia
650 985 729 1048 data
760 985 893 1066 marito,
924 1005 997 1047 eum
1030 1005 1204 1069 sponsores
1235 984 1277 1048 ab
1306 1005 1344 1048 eo

329 1073 530 1138 sollemniter
557 1076 781 1156 poscerentur,
809 1072 933 1135 asinam
961 1093 1033 1135 cum
1061 1072 1218 1154 pecuniae
1247 1093 1346 1135 oncre

330 1159 482 1243 produxit
513 1162 547 1225 in
579 1159 700 1240 torum,
734 1160 825 1243 qussi
857 1180 916 1242 pro
948 1158 1160 1242 sponsoribus
1189 1179 1347 1242 praesens

276 1249 456 1333 30pignus.
510 1247 744 1313 Tremellius
782 1267 859 1311 uero
891 1245 1063 1331 Scropha
1096 1247 1347 1330 cognominatus

330 1342 379 1401 est
403 1339 520 1402 euentu
543 1337 611 1401 tuli.
647 1337 675 1400 is
695 1334 885 1400 Tremellius
908 1357 981 1399 cum
1004 1333 1131 1399 familia
1150 1339 1247 1418 atque
1266 1336 1347 1399 libe·
1374 1357 1388 1394 s

329 1427 375 1489 ris
401 1425 435 1489 iu
463 1424 545 1489 uilla
572 1429 650 1489 eret
697 1425 783 1488 serui
811 1423 879 1487 eius
907 1444 981 1487 eum
1013 1423 1052 1488 de
1076 1423 1182 1488 uicino
1207 1422 1348 1508 scropha

329 1517 461 1596 erraret,
481 1514 670 1596 subreptam
695 1512 883 1577 conficiunt:
908 1510 1034 1576 uicinus
1053 1511 1222 1576 aduocatis
1241 1517 1349 1575 custo

330 1600 425 1666 dibus
453 1602 561 1666 omnia
589 1600 801 1666 circumuenit
828 1620 933 1683 nequa
960 1598 1074 1664 ecferri
1103 1599 1220 1684 possit:
1252 1598 1347 1685 isque

331 1689 371 1754 ad
387 1689 553 1754 dominum
568 1689 715 1774 appellat
727 1688 855 1753 restitui
870 1689 934 1753 sibi
948 1688 1112 1773 pecudem.
1141 1687 1349 1773 Tremellius,

331 1779 387 1862 qni
410 1799 450 1841 ex
472 1778 571 1842 uilico
596 1799 664 1842 rem
687 1779 909 1861 comperisset,
941 1778 1098 1863 scrophae
1121 1777 1261 1842 cadauer
1284 1777 1345 1841 sub
1362 1801 1387 1838 ro

331 1865 521 1930 centonibus
540 1867 687 1944 collocat,
707 1888 804 1949 super
821 1888 902 1951 quos
917 1888 997 1931 uxor
1015 1867 1164 1952 cubabat,
1183 1866 1346 1951 quaestio·

331 1975 406 2019 nem
429 1955 536 2018 uicino
560 1955 729 2037 permittit
767 1976 839 2018 cum
863 1959 997 2019 uentum
1020 1961 1071 2020 est
1091 1955 1132 2019 ad
1151 1954 1347 2041 cubiculum,

332 2044 434 2107 uerba
466 2043 636 2106 iurationis
668 2042 822 2126 concipit:
855 2042 976 2107 nullom
1010 2066 1079 2108 esse
1112 2045 1146 2109 iu
1178 2043 1259 2107 uilla
1288 2065 1349 2109 sua

332 2131 505 2215 scropham
521 2131 595 2196 ‘uisi
615 2129 723 2196 istam'
739 2130 845 2216 iuquit
863 2130 957 2217 ‘quoe
975 2133 1009 2196 in
1029 2133 1221 2197 centonibus
1241 2131 1348 2217 iacet',

333 2220 488 2284 lectulum
516 2224 687 2286 monstrat.
737 2242 775 2283 ea
801 2219 998 2285 facetissima
1025 2223 1143 2286 iuratio
1172 2221 1348 2287 Tremellio
1366 2246 1389 2283 15

332 2307 497 2391 Scrophae
520 2312 771 2390 cognomentum
795 2306 907 2371 dedit'

279 2395 344 2461 Vll
421 2395 507 2458 Dum
536 2395 600 2458 ista
626 2398 812 2477 narrentur,
839 2416 922 2458 unus
951 2415 968 2456 e
996 2394 1172 2479 famulitio,
1200 2396 1251 2459 cui
1275 2417 1349 2478 pro-

333 2483 440 2547 uincia
477 2487 546 2546 erat
582 2482 753 2546 admittere
787 2482 933 2546 uolentes
967 2479 1132 2546 dominum
1166 2484 1348 2566 conuenire,

333 2569 537 2654 Euangelum
575 2571 687 2634 adesse
723 2570 854 2634 nuntiat
889 2591 963 2634 eum
995 2568 1140 2654 Blaesio,
1177 2571 1232 2655 qui
1270 2574 1349 2635 tunc

335 2658 457 2724 Romae
493 2663 660 2744 praestare
697 2658 867 2724 uidebatur
904 2658 1020 2723 cotcris
1058 2659 1205 2724 medendi
1244 2665 1348 2725 arteni
1364 2686 1390 2722 so

303 2748 497 2832 2prolessis.
536 2752 715 2831 conrogato
739 2747 921 2812 indicauero
940 2747 1033 2812 uultu
1051 2749 1198 2834 plerique
1216 2748 1255 2813 de
1275 2771 1349 2814 con-

334 2837 514 2902 sidentibus
533 2837 694 2922 Euangeli
717 2836 934 2901 interuentum
959 2836 1026 2901 otio
1050 2859 1109 2901 suo
1129 2837 1349 2921 inamoenum,

334 2925 1347 3009 mmmwmmmmmmmmmm

334 3013 538 3076 amarulente
561 3013 732 3074 dicacitate
757 3017 789 3075 et
809 3012 923 3095 lingua
940 3018 1091 3094 proterue
1110 3013 1255 3076 mordaci
1274 3035 1347 3094 pro·

334 3121 393 3164 car
416 3120 455 3162 ae
477 3120 609 3163 securus
632 3098 837 3181 offensarum,
861 3121 941 3181 quas
965 3100 1033 3163 sine
1057 3100 1180 3163 delectu
1205 3100 1271 3163 ceri
1295 3102 1347 3165 uel
1363 3124 1389 3162 ss

333 3209 400 3250 non
428 3187 523 3251 amici
551 3186 586 3249 in
614 3209 649 3251 se
675 3187 797 3268 passim
827 3187 935 3250 uerbis
963 3187 1038 3252 odia
1065 3188 1246 3252 serentibus
1275 3210 1348 3272 pro·

334 3276 481 3341 uocabat.
532 3274 588 3339 sed
616 3274 857 3357 Praetextatus,
883 3281 920 3339 ut
948 3281 1017 3340 eret
1044 3277 1078 3340 in
1106 3298 1217 3341 omnes
1247 3298 1349 3362 aeque

334 3364 480 3449 placidus
504 3386 542 3428 ac
566 3364 670 3448 mitis,
697 3368 736 3430 ut
758 3364 1006 3430 admitterentur
1030 3365 1136 3430 missis
1160 3365 1265 3430 obuiis
1290 3367 1349 3430 im·

303 3454 470 3539 3pcrauit
516 3475 598 3537 quos
622 3452 731 3518 Horus
758 3454 975 3538 ingredientes
1007 3454 1209 3519 commodum
1239 3475 1349 3520 conse·

334 3546 427 3608 cutus
465 3542 697 3626 comitabatur,
734 3543 783 3607 uir
821 3563 954 3626 corpore
987 3546 1084 3628 atque
1117 3544 1225 3608 arrimo
1258 3544 1348 3609 iuxta
1362 3577 1389 3614 so

333 3651 548 3659 ---.—-----

404 3706 420 3754 2
448 3699 592 3771 lolleplnri
618 3699 646 3752 P
719 3700 822 3767 benere
851 3702 879 3755 Β
955 3706 1079 3769 Susque
1108 3700 1145 3755 Β
1202 3703 1253 3756 tec
1281 3701 1349 3756 terri

334 3823 416 3890 (cede
436 3824 500 3878 aad.
518 3823 568 3892 1³¹)
586 3824 756 3892 Pzterr1B‚
774 3825 826 3898 bec
845 3827 909 3881 add.
925 3825 972 3877 Bm
1030 3832 1061 3877 1a
1081 3792 1177 3889 cdiJB
1232 3832 1263 3880 17
1279 3825 1353 3879 unul

334 3910 352 3947 a
369 3894 512 3948 tomulrtro
532 3895 560 3948 Β
632 3900 664 3947 19
690 3894 801 3962 drjlarro
821 3898 849 3949 P
919 3903 953 3949 20
973 3897 1074 3949 ceter-il
1094 3913 1144 3949 ont.
1165 3897 1192 3948 P
1257 3903 1289 3950 21
1317 3898 1348 3950 iu

333 3964 462 4086 sm
484 3968 614 4089 cr
635 3984 688 4088 s
703 3968 986 4091 iiic-tout
1002 3967 1141 4090 uu,
1155 3965 1349 4089 aces

334 4099 372 4156 P'
419 4051 585 4159 dil-licii&
639 4112 673 4160 26
693 4109 717 4159 tr
731 4055 932 4162 iiusereitibus
947 4109 978 4162 in
996 4123 1050 4161 ros.
1066 4108 1097 4161 io
1112 4107 1139 4158 P
1189 4112 1223 4160 tl
1240 4055 1348 4175 aeqiroe

333 4175 359 4242 b,
379 4190 468 4243 equae
487 4175 514 4229 B
573 4181 607 4231 29
627 4175 713 4231 boras
727 4173 762 4230 Β
818 4177 1004 4245 consequutus
1019 4177 1048 4231 P
1104 4183 1138 4231 tt)
1157 4181 1235 4232 iuxta
1252 4194 1303 4232 oro.
1323 4176 1351 4230 P
