3322 5190
327 798 393 864 520
556 797 670 853 colen.
689 798 728 853 IN
746 797 857 854 SOMN.
878 796 964 854 sols.
984 797 1082 853 LIBRI
1101 797 1113 851 l

460 963 610 1024 metuunt
632 960 840 1043 cupiuntque,
863 959 972 1024 dolent
996 960 1211 1045 gaudentque.

327 1082 387 1147 has
415 1082 539 1165 primae
567 1081 731 1164 molliunt,
759 1081 916 1146 secundae
946 1082 1107 1166 auferunt,
1140 1084 1255 1147 tertiae
1284 1083 1340 1147 ob·

276 1169 531 1253 12liuiscuutur,
550 1171 583 1234 in
602 1171 727 1254 quartis
747 1170 838 1234 netas
858 1175 909 1234 est
925 1170 1095 1234 nominari.
1133 1171 1160 1233 si
1180 1191 1257 1254 ergo
1276 1171 1340 1234 hoc

328 1262 379 1322 est
396 1257 539 1322 officium
559 1262 592 1323 et
610 1259 743 1322 effectus
762 1259 929 1340 uirtutum,
952 1259 1058 1338 beers,
1082 1261 1212 1322 constat
1230 1261 1340 1322 eutem

327 1350 361 1412 et
378 1347 530 1430 politicas
553 1368 624 1411 esse
647 1347 799 1411 uirtutes:
824 1347 924 1431 igitur
942 1350 975 1410 et
993 1346 1138 1429 politicis
1157 1345 1340 1410 efficiuntur
1368 1367 1382 1408 a

328 1435 424 1499 besti.
476 1436 544 1498 iure
578 1454 655 1517 ergo
683 1435 808 1499 'Pullius
839 1436 877 1497 de
906 1456 1012 1498 rerum
1043 1434 1241 1516 publicarum
1276 1456 1341 1498 rec-

327 1523 455 1587 toribus
470 1522 565 1586 dixit:
580 1523 644 1585 ubi
658 1523 764 1586 beati
781 1544 873 1587 aeuo
893 1522 1127 1605 sempiterno
1147 1521 1340 1586 fruantur:

329 1612 383 1696 qui
407 1616 444 1676 ut
467 1611 662 1688 ostenderet,
685 1612 767 1676 ulios
791 1612 906 1676 otiosis
930 1611 1011 1676 alios
1035 1612 1213 1695 negotiosis
1237 1610 1340 1675 uirtu-

329 1701 417 1765 tibus
441 1700 510 1765 fieri
539 1702 669 1784 beatos,
701 1722 766 1766 nun
794 1701 876 1766 dixit
902 1700 1064 1783 absolute,
1091 1699 1172 1765 nihil
1197 1721 1267 1764 esse
1291 1700 1340 1763 illi

329 1789 470 1872 principi
503 1788 562 1852 deo
601 1790 765 1871 acceptius
797 1811 894 1874 quarn
932 1789 1093 1870 ciuitates,
1130 1788 1185 1852 sed
1223 1788 1342 1852 adiecit
1359 1812 1385 1850 ro

331 1877 431 1960 quod
455 1876 604 1961 quidem
629 1877 666 1939 in
690 1877 808 1941 terris
831 1877 917 1957 tint,
945 1881 982 1941 ut
1009 1899 1077 1956 sos,
1107 1877 1162 1961 qui
1191 1877 1232 1941 ub
1262 1877 1341 1960 ipsis

332 1964 525 2029 caelestibus
540 1965 710 2048 incipiunt,
725 1965 920 2029 discerneret
936 1988 955 2030 a
969 1965 1148 2029 rectoribus
1159 1966 1342 2048 ciuitatum,

282 2053 322 2117 13
334 2052 451 2138 quibus
471 2075 528 2137 per
546 2058 692 2118 terrenos
712 2060 802 2119 actus
821 2056 883 2118 iter
902 2059 1037 2139 piaretur
1057 2054 1096 2118 ad
1116 2056 1251 2120 cucluru.
1284 2048 1367 2118 illa'

333 2147 442 2206 autem
479 2142 664 2206 defiuitione
701 2143 776 2226 quid
814 2145 956 2227 pressius
992 2148 1101 2226 potest
1142 2165 1225 2223 esse,
1265 2143 1341 2226 quid

333 2232 461 2296 cautius
484 2231 524 2294 de
546 2233 676 2295 nominc
696 2232 888 2297 ciuitatum?
913 2253 1023 2317 quam
1046 2232 1214 2296 concilis
1237 2231 1342 2315 inquit
1358 2253 1385 2293 rs

333 2324 544 2406 coetusque
558 2321 753 2386 hominum
773 2322 855 2386 iure
874 2321 1029 2403 sociati,
1043 2342 1137 2405 quae
1156 2320 1343 2386 ciuitates

333 2409 595 2493 appellantur.
626 2431 701 2474 nuru
721 2416 753 2474 et
772 2411 898 2476 seruilis
918 2408 1080 2496 quondam
1100 2414 1132 2475 et
1147 2409 1344 2496 gladiatoria

332 2520 449 2563 monus
482 2499 649 2563 concilia
677 2500 870 2564 hominurn
898 2504 937 2564 et
964 2503 1097 2563 coetus
1128 2499 1259 2563 fuerunt
1287 2497 1343 2562 sed

331 2608 398 2650 non
426 2587 509 2649 iure
538 2587 688 2651 sociati.
735 2588 791 2650 ills
819 2589 928 2651 autem
956 2587 1027 2650 solu
1050 2587 1137 2650 iusta
1160 2590 1210 2649 est
1234 2586 1343 2649 multi·

332 2673 420 2756 tudo,
444 2675 533 2738 euius
554 2675 747 2738 uniuersitus
772 2675 804 2737 in
828 2675 936 2759 legum
959 2674 1123 2738 consentit
1141 2674 1342 2755 obsequium.
1357 2693 1385 2732 so

280 2797 377 2861 Vllll
426 2797 518 2873 Quod
543 2820 619 2860 uero
644 2800 690 2861 ait
714 2799 844 2860 harum
866 2802 1037 2861 rectores
1058 2803 1095 2861 et
1123 2801 1344 2861 seruatores

334 2888 420 2949 hinc
454 2885 620 2968 profecti
655 2887 726 2949 huc
758 2892 1018 2968 reuertuntur,
1046 2886 1108 2948 hoc
1137 2886 1233 2949 inodo
1263 2886 1343 2947 seci-

333 2974 484 3055 picurhuu
518 2980 574 3036 est.
626 2976 804 3036 aniuiururn
836 2975 995 3056 originum
1027 2997 1158 3036 ruunnrc
1187 2974 1225 3035 de
1254 2973 1343 3035 reolo

335 3062 419 3124 iuter
450 3065 535 3124 recte
575 3062 843 3144 philosophantes
876 3062 1079 3125 indubitatae
1113 3064 1241 3124 couslat
1274 3081 1343 3122 esse

334 3151 525 3214 sententiae:
554 3155 586 3213 et
615 3152 753 3233 animus,
782 3150 856 3212 dum
888 3171 1022 3231 corpore
1046 3151 1160 3232 utitur,
1183 3151 1263 3212 haec
1292 3153 1341 3210 est
1358 3167 1383 3206 rs

334 3239 477 3321 perfecte
507 3240 668 3323 sapientia
702 3245 749 3323 ut,
782 3239 865 3302 uude
898 3244 969 3302 orta
1001 3240 1051 3321 sit,
1083 3238 1122 3302 de
1156 3261 1218 3322 quo
1252 3237 1341 3302 fonte

303 3329 472 3412 2ueuerit,
496 3335 714 3413 recognoscat.
761 3329 835 3391 hinc
859 3328 939 3392 illud
965 3352 983 3391 a
1008 3328 1147 3411 quodum
1171 3327 1343 3391 interulis

408 3550 419 3593 1
441 3543 523 3610 Verg.
545 3543 611 3593 Aen
634 3539 670 3592 Vl
690 3548 740 3594 733

409 3692 578 3808 leupnuiq3
608 3739 750 3807 gerulum„
772 3737 913 3790 dolcntl'
966 3735 1120 3804 guudsuhp
1141 3732 1173 3785 Β
1241 3733 1344 3786 211ιυί-

334 3809 449 3864 luutll
520 3820 534 3866 1
556 3809 669 3862 dicrtB
738 3807 1066 3861 eal1os0u0hs0m.1r
1136 3803 1347 3879 durhrleltll

337 3887 368 3933 10
390 3883 422 3933 l&
442 3882 468 3933 Β
551 3889 583 3933 13
604 3881 716 3933 toronos
733 3876 765 3931 Β
849 3878 966 3948 paratus
981 3874 1015 3929 Β
1102 3882 1134 3927 11
1153 3875 1288 3944 prell'rone
1310 3871 1345 3925 Β

370 3951 424 4005 elie
443 3967 493 4006 ons
514 3952 547 4005 Β
620 3959 651 4002 15
671 3949 767 4018 inquid
788 3947 823 4001 P'
895 3956 927 4001 16
947 3947 1077 4018 optulquo
1098 3948 1125 3999 Β
1184 3946 1269 3999 bouffi
1289 3962 1347 3998 nuo

330 4029 441 4091 macter
466 4024 521 4077 hou
545 4025 577 4075 in
599 4040 653 4075 rus.
678 4028 695 4076 7
715 4022 765 4074 litt.
786 4023 817 4074 in
836 4021 862 4072 Β
956 4026 987 4073 18
1008 4019 1087 4089 optus
1103 4018 1136 4081 P,
1160 4017 1208 4070 cei
1230 4034 1297 4072 corr.
1317 4018 1348 4070 in

343 4094 382 4126 s*
410 4094 415 4104 ¹
864 4110 868 4119 ·
934 4090 940 4106 ¹
1016 4096 1040 4122 ‘l‘
1099 4108 1104 4120 ε

335 4094 482 4239 isiritdpnld‘3
533 4091 630 4217 uffiulrl
638 4099 790 4232 puadirqii
792 4091 958 4218 lidelds.1iri
977 4162 1003 4213 Β
1017 4088 1257 4228 ὦῖᾞᾚὲιῗέΐοξῐ
1276 4093 1348 4210 Β’25
