3442 5190
747 804 827 860 xlm
844 811 932 861 7-14
1285 804 1348 870 541

339 970 528 1056 similitudo,
551 990 650 1054 quem
672 967 812 1034 formam
835 967 973 1035 diximus
991 969 1095 1035 solam
1117 969 1237 1035 mentis
1255 991 1351 1055 napa·

340 1083 418 1128 cem.
465 1059 527 1126 soli
555 1078 632 1144 ergo
659 1057 784 1124 homini
811 1057 985 1143 rationem,
1012 1058 1045 1122 id
1070 1061 1120 1123 est
1142 1059 1210 1124 nim
1235 1059 1351 1124 mentis
1363 1060 1405 1124 10

339 1148 466 1232 infudit,
489 1148 541 1212 oui
564 1146 656 1211 sedes
679 1147 714 1212 iu
737 1147 844 1232 eapite
867 1149 926 1232 est,
950 1146 1006 1212 sed
1027 1150 1061 1211 et
1078 1146 1243 1232 geminam
1261 1147 1353 1211 illum

342 1235 501 1303 sentiendi
537 1236 763 1319 crescendique
799 1237 965 1314 usturam,
1002 1233 1078 1320 quis
1115 1234 1271 1300 oedueum
1305 1240 1355 1300 est

315 1343 472 1410 aoorpus,
494 1323 639 1389 inseruit.
685 1326 719 1387 et
740 1323 817 1389 hino
841 1325 905 1409 est,
927 1323 1012 1408 quod
1036 1323 1133 1389 homo
1158 1326 1192 1389 et
1214 1323 1405 1390 rationiall

343 1435 475 1497 compos
494 1416 553 1496 ast,
572 1414 605 1475 et
623 1413 726 1476 sentit
743 1416 776 1476 et
793 1411 917 1496 erescit,
936 1412 1071 1497 solaque
1089 1410 1218 1477 ratione
1235 1411 1355 1478 meruit

342 1504 509 1587 praestare
532 1499 648 1565 ueteris
672 1500 879 1585 animalibus,
903 1522 986 1585 quae
1009 1501 1085 1585 quia
1106 1521 1234 1586 semper
1251 1522 1356 1585 prona

344 1593 435 1673 sunt,
471 1594 504 1655 et
540 1610 578 1653 ex
615 1590 688 1671 ipsa
723 1610 850 1673 quoque
883 1588 1079 1673 suspiciendi
1111 1587 1305 1655 difficultate
1337 1611 1357 1652 a

345 1678 468 1762 superis
500 1679 715 1761 recesserunt,
746 1699 805 1742 neo
836 1677 936 1742 nllsm
969 1677 1151 1743 diuinorum
1184 1699 1356 1763 corporum

305 1788 334 1828 ro
347 1765 590 1833 similitudinem
624 1765 734 1851 eliqua
765 1766 815 1831 sui
848 1771 939 1851 perte
973 1770 1173 1851 meruerunt,
1205 1767 1287 1832 nibil
1319 1788 1358 1832 ex

348 1859 456 1922 mente
487 1855 604 1922 sortite
636 1859 726 1936 sunt,
761 1858 794 1920 et
820 1855 893 1919 ideo
923 1856 1049 1920 rationo
1076 1859 1263 1920 caruerunt:
1295 1855 1359 1921 duo

349 1965 476 2030 quoque
511 1946 639 2009 tantum
678 1943 794 2029 adepta
831 1947 919 2024 suut,
961 1945 1081 2009 sentire
1119 1943 1171 2009 uel
1209 1963 1361 2010 creseere.

349 2055 425 2097 nam
457 2032 563 2116 siquid
594 2034 628 2096 in
660 2032 726 2096 illis
759 2031 1006 2097 similitudinem
1039 2031 1175 2098 rationis
1208 2032 1365 2116 imitatur,
1375 2031 1416 2096 12

351 2143 417 2185 uon
454 2120 538 2185 ratio
571 2120 626 2183 sod
659 2123 816 2186 memoria
848 2124 912 2202 est,
948 2122 981 2183 et
1018 2121 1175 2184 memoria
1206 2142 1273 2186 non
1304 2119 1365 2184 illa

313 2208 478 2272 roratione
502 2206 606 2271 mixte
630 2207 684 2271 sed
703 2229 784 2291 quae
802 2206 1031 2273 hebetudinem
1050 2229 1204 2273 sensuum
1222 2208 1364 2293 quinque

353 2295 539 2358 comitetur:
575 2294 614 2358 de
648 2316 713 2378 qua
744 2296 838 2378 plura
868 2317 954 2359 nune
987 2295 1105 2380 dicere,
1137 2296 1290 2379 quoniam
1323 2295 1363 2360 ad

353 2402 505 2466 praesens
539 2404 620 2465 opus
652 2405 717 2447 uon
751 2384 881 2464 attinet,
914 2385 1110 2449 omittemus.
1163 2386 1361 2448 terrenorum
1377 2383 1418 2448 13

355 2492 526 2554 corporum
546 2472 663 2536 tertius
683 2472 762 2537 ordo
781 2473 814 2536 in
834 2473 1002 2537 arboribus
1022 2474 1056 2537 et
1073 2471 1182 2537 herbis
1202 2475 1261 2556 est,
1284 2493 1365 2555 quae

356 2563 469 2626 carent
501 2562 567 2624 tam
601 2560 726 2626 ratione
760 2584 856 2645 quum
889 2584 999 2643 sensu,
1032 2565 1065 2626 et
1097 2562 1172 2646 quia
1204 2559 1366 2626 crescendi

317 2654 485 2714 retentum
509 2647 605 2714 modo
629 2671 706 2714 usus
729 2650 761 2714 in
784 2649 835 2714 his
855 2651 954 2738 uiget,
977 2650 1039 2715 hae
1058 2651 1129 2715 sola
1147 2651 1256 2715 uiuere
1275 2653 1368 2734 parte

358 2738 516 2803 dicuntur.
557 2739 642 2803 huno
665 2761 770 2803 rerum
796 2738 940 2804 ordinem
965 2746 998 2805 et
1016 2739 1181 2824 Vergilius
1200 2739 1367 2823 expressit.
1380 2738 1421 2804 14

358 2849 434 2892 nam
458 2829 491 2890 et
513 2826 634 2892 mundo
657 2829 799 2892 enimam
823 2828 912 2894 dedit
934 2834 980 2908 et,
1003 2831 1040 2894 ut
1062 2829 1196 2913 puritati
1220 2829 1288 2893 eius
1312 2827 1368 2892 ad-

359 2919 548 2999 testaretur,
581 2918 722 2981 mentem
757 2917 895 2981 uocauit.
951 2917 1073 2983 eaelum
1107 2917 1207 3001 enirn,
1245 2917 1306 3000 eit,
1338 2919 1371 2981 et

359 3010 462 3070 terres
496 3010 529 3069 et
556 3005 660 3070 maria
689 3009 722 3070 et
754 3006 861 3071 sidera
894 3007 1060 3093 spiritus
1092 3007 1199 3072 intus
1232 3004 1306 3071 ulit
1337 3005 1370 3071 id

322 3098 413 3159 aest
445 3093 554 3158 anima
585 3094 670 3161 siout
702 3095 782 3160 alibi
809 3118 868 3181 pro
897 3098 1095 3181 spiramento
1123 3096 1265 3161 animam
1293 3096 1373 3162 dioit

362 3184 547 3266 quantum
570 3182 679 3267 ignis
703 3186 930 3270 animaeque
953 3187 1087 3250 ualent
1108 3222 1146 3232 -
1168 3187 1201 3249 et
1223 3187 1261 3249 ut
1282 3184 1372 3249 iltius

363 3270 544 3334 mundanae
568 3272 695 3334 animae
719 3273 882 3338 adsereret
904 3273 1110 3359 dignitatern,
1139 3275 1280 3336 mentem
1303 3293 1373 3336 esse

363 3360 503 3423 testatus
530 3361 594 3422 est:
628 3380 734 3423 meus
768 3361 896 3445 agitat
923 3362 1060 3426 molem
1089 3396 1130 3407 -
1159 3381 1218 3424 neo
1245 3381 1310 3424 non
1339 3363 1375 3422 ut

365 3445 550 3510 ostenderet
582 3468 620 3510 ex
653 3447 726 3530 ipsa
758 3449 867 3512 anima
898 3453 1048 3514 constare
1081 3451 1115 3512 et
1142 3448 1279 3512 animari
1307 3445 1376 3511 uni·

326 3554 354 3595 oo
366 3556 470 3617 uersa,
485 3555 567 3616 quae
581 3533 704 3615 uiuunt,
717 3535 840 3600 addidit
855 3535 943 3601 inde
962 3535 1156 3601 hominum
1172 3535 1377 3619 peoudunr·

366 3645 436 3706 que
460 3642 582 3705 genus
605 3626 638 3687 et
660 3626 777 3707 cetere,
800 3627 898 3707 utque
919 3625 1082 3688 adsereret
1099 3623 1235 3688 eundem
1255 3643 1324 3687 ease
1343 3623 1377 3686 iu

437 3834 472 3884 24
489 3828 559 3883 Aen.
578 3828 617 3883 VI
636 3835 688 3886 720

441 4033 454 4081 1
475 4034 558 4096 que*
578 4026 606 4081 P
694 4031 710 4080 2
731 4026 788 4081 sola
808 4025 845 4081 P'
930 4031 947 4080 4
966 4025 1098 4081 caducum
1117 4022 1155 4081 P'
1238 4025 1322 4082 ohrn
1340 4022 1377 4080 P'

370 4105 386 4153 8
405 4098 461 4151 ass'u
484 4097 538 4152 ens
553 4095 590 4151 P'
661 4103 694 4151 10
713 4097 752 4151 sur
771 4113 822 4153 om.
841 4098 869 4152 P
939 4102 971 4150 12
991 4096 1088 4165 adepti
1106 4093 1142 4150 P'
1218 4101 1251 4151 lt
1270 4096 1379 4151 babitu-

371 4169 435 4222 dine
456 4116 483 4221 d³
535 4174 569 4223 ab
588 4167 698 4222 animas
711 4173 743 4223 ut
760 4169 818 4224 uid.
839 4164 873 4223 F
