3322 5190
323 825 345 888 2
675 823 989 882 saulaumoavu

323 988 416 1069 quasi
454 986 493 1049 de
531 985 670 1068 quodam
708 986 891 1051 litterarum
928 1010 1029 1072 peno,
1064 990 1222 1073 siquando
1257 1016 1336 1058 usus

322 1075 450 1138 uenerit
482 1079 540 1138 aut
566 1073 723 1137 historiae
752 1097 834 1158 quae
864 1075 897 1138 iu
926 1076 1083 1140 librorum
1111 1083 1200 1142 strue
1227 1081 1335 1146 latens

322 1163 406 1227 clam
430 1163 531 1245 uulgo
555 1165 606 1225 est
628 1166 684 1225 aut
707 1162 785 1226 dieti
808 1162 927 1227 iaetiue
948 1166 1169 1230 memorabilis
1189 1170 1335 1234 reminis-

281 1255 303 1318 3
323 1251 424 1328 oendi,
446 1250 543 1314 facile
568 1249 600 1312 id
623 1251 683 1313 tibi
703 1252 837 1314 inventu
856 1256 953 1335 atque
972 1253 1164 1336 depromptu
1183 1256 1236 1319 sit.
1273 1279 1334 1322 neo

320 1341 480 1426 indigeste
499 1343 666 1422 tamquam
685 1339 720 1403 in
738 1360 889 1403 aestuum
908 1341 1130 1424 congessimus
1149 1342 1247 1426 digua
1265 1367 1331 1409 me·
1360 1372 1373 1411 a

323 1433 463 1493 moratu:
496 1427 552 1491 sed
584 1427 748 1491 uenarum
781 1448 887 1491 rerum
918 1428 1117 1510 disparilitas
1145 1433 1333 1498 auctoribus

322 1519 464 1599 diuersa,
491 1514 628 1579 confusa
655 1515 868 1599 temporibus,
895 1515 942 1579 ita
963 1518 996 1580 in
1021 1518 1181 1600 quoddam
1205 1519 1334 1603 digesta

321 1628 437 1690 eorpus
470 1609 534 1682 est,
566 1606 603 1666 ut
634 1623 715 1684 quae
743 1603 929 1667 indistinete
956 1608 1054 1688 atque
1082 1608 1263 1690 promiscue
1291 1610 1332 1673 ad

321 1694 500 1759 subsidium
524 1692 700 1755 memoriae
721 1692 992 1756 adnotaueramus
1010 1695 1044 1757 iu
1063 1694 1209 1759 ordinem
1227 1696 1332 1760 instar

279 1786 301 1849 4
321 1783 542 1848 membrorum
571 1779 777 1844 cohaerentia
800 1781 1018 1845 conuenirent
1063 1803 1123 1846 nee
1145 1783 1225 1846 mihi
1249 1785 1331 1849 uitio
1347 1811 1372 1850 ro

320 1875 443 1955 uertas,
467 1870 496 1934 si
519 1890 585 1952 res,
609 1890 688 1951 quas
712 1891 750 1932 ex
773 1869 910 1932 lectione
934 1870 1026 1934 uaria
1049 1872 1229 1949 mutuabor,
1251 1872 1331 1955 ipsis

320 1981 416 2044 saepe
449 1958 574 2041 uerbis,
606 1956 723 2039 quibus
756 1957 797 2022 ab
830 1958 911 2040 ipsis
943 1958 1129 2024 auctoribus
1162 1965 1331 2025 enarratae

320 2054 410 2132 sunt,
438 2047 621 2132 explicabo,
650 2046 726 2129 quia
754 2068 906 2129 praesens
935 2069 1016 2131 opus
1039 2069 1105 2111 non
1129 2049 1330 2132 eloquentiae

320 2137 573 2204 ostentationem
597 2134 653 2199 sed
679 2135 915 2200 noscendorum
939 2137 1120 2222 congeriem
1148 2138 1330 2221 pollicetur:

319 2231 352 2291 et
374 2226 452 2291 boni
476 2224 627 2289 eonsules
650 2228 787 2306 oportet,
810 2225 837 2288 si
860 2224 1012 2289 notitiam
1036 2227 1208 2292 uetustatis
1232 2227 1328 2292 modo
1345 2252 1370 2293 ιε

319 2315 441 2379 nostris
470 2333 536 2375 non
561 2311 711 2393 obscure,
737 2310 834 2375 modo
858 2311 939 2395 ipsis
963 2313 1169 2395 antiquorum
1193 2315 1331 2379 fideliter

319 2402 427 2467 uerbis
453 2420 683 2484 recognoscas,
709 2403 807 2482 prout
834 2420 980 2483 quaeque
1008 2422 1042 2464 se
1070 2401 1123 2464 uel
1152 2403 1332 2465 enarranda

278 2489 370 2555 5uel
408 2484 630 2554 transferenda
668 2485 898 2569 suggesserint
956 2507 1034 2570 apes
1070 2489 1155 2552 euim
1192 2490 1331 2572 quodam

319 2577 414 2642 modo
442 2576 595 2641 debemus
623 2574 758 2658 imitari,
786 2595 869 2657 quae
897 2578 1061 2658 uagautur
1089 2580 1122 2639 et
1144 2575 1240 2640 flores
1262 2599 1330 2640 ear-

318 2670 410 2751 punt,
429 2664 553 2748 deinde,
571 2663 724 2747 quidquid
746 2662 893 2748 attulere,
911 2663 1087 2748 disponunt
1104 2685 1142 2728 ae
1160 2687 1218 2749 per
1236 2665 1329 2730 fauos
1344 2692 1371 2731 ao

318 2755 467 2820 diuidunt
493 2757 527 2818 et
553 2774 665 2817 sucum
691 2751 816 2816 uarium
839 2752 872 2816 iu
897 2775 996 2817 unum
1019 2775 1167 2836 saporem
1191 2753 1331 2819 mixtura

278 2852 298 2916 6
318 2844 455 2927 quadam
479 2847 512 2906 et
534 2841 732 2925 proprietate
758 2841 892 2923 spiritus
915 2841 967 2905 sui
989 2845 1124 2905 mutant
1169 2862 1230 2905 nos
1253 2863 1330 2924 quo-

318 2952 392 3014 que,
419 2928 573 3014 quidquid
600 2928 730 2991 diuersa
756 2929 896 2992 lectione
924 2928 1157 3011 quaesiuimus,
1184 2931 1329 2993 commit·

316 3024 422 3082 temus
460 3018 554 3099 stilo,
593 3022 631 3079 ut
662 3016 696 3078 in
729 3015 874 3078 ordinem
906 3014 1018 3078 eodem
1056 3015 1221 3098 digerente
1257 3038 1330 3081 eoa·

317 3106 428 3170 lesoat.
472 3125 548 3168 nam
577 3107 611 3166 et
637 3103 672 3166 in
699 3103 807 3166 animo
835 3102 950 3166 melius
978 3102 1132 3167 distinete
1157 3107 1329 3168 seruantur
1342 3127 1369 3165 ss

317 3196 351 3256 et
380 3193 453 3274 ipsa
485 3190 653 3255 distinctio
685 3211 751 3253 uon
784 3189 853 3254 siue
885 3189 1025 3273 quodam
1058 3190 1231 3274 fermento,
1265 3213 1328 3275 quo

316 3279 466 3345 conditur
501 3279 713 3363 uniuersitas,
749 3277 783 3341 in
820 3278 914 3342 unius
951 3279 1076 3363 saporis
1109 3300 1202 3343 usum
1235 3280 1328 3344 uaria

315 3369 493 3434 libamenta
514 3365 694 3451 confundit,
716 3369 762 3451 ut,
785 3366 884 3431 etiam
908 3365 1013 3451 siquid
1037 3368 1223 3452 apparuerit
1244 3369 1327 3432 unde

317 3462 482 3544 sumptum
510 3457 567 3541 sit,
595 3455 682 3520 aliud
707 3459 817 3520 tamen
841 3477 1031 3541 essequam
1056 3455 1140 3521 uude
1163 3462 1325 3541 sumptum

316 3551 468 3611 noscetur
499 3548 669 3628 appareat:
702 3543 787 3627 quod
818 3544 851 3607 in
879 3565 1012 3627 corpore
1038 3549 1152 3610 nostro
1179 3545 1325 3611 uidemus
1340 3567 1367 3607 eo

277 3634 386 3699 'lsiue
407 3635 476 3699 ulla
501 3655 600 3717 opera
622 3636 736 3697 nostra
759 3632 864 3698 faeere
882 3638 1050 3698 naturam:
1073 3633 1226 3698 alimenta
1245 3656 1326 3718 quae

387 3825 551 3882 7**1taP
616 3824 795 3895 indigeIteP
864 3824 1033 3894 8promrlee
1049 3825 1082 3893 P,
1100 3824 1228 3900 pmrloue
1247 3828 1278 3880 iu
1297 3828 1324 3880 'B

315 3898 357 3951 itu
375 3899 489 3952 monuit
507 3901 538 3951 at
557 3898 644 3952 solam
662 3898 754 3971 pmrse
773 3898 826 3967 legi
842 3899 942 3966 possit:
960 3898 1092 3951 uidentur
1110 3904 1200 3952 taurea
1219 3899 1324 3968 aliquot

315 3968 421 4023 litterae
440 3974 582 4037 proderes
604 3974 668 4022 onte
687 3968 722 4020 ad
741 3969 885 4023 monebar
945 3974 977 4021 13
997 3986 1051 4037 *pr
1071 3967 1132 4022 seni
1147 3968 1236 4037 epus*
1255 3969 1283 4023 P

317 4043 349 4092 14
368 4037 551 4092 ostentionem
570 4038 605 4091 P
662 4043 694 4092 18
711 4038 895 4107 subgess'ermt
911 4038 1026 4105 fortasse
1069 4037 1074 4052 '
1130 4043 1165 4092 20
1184 4023 1324 4096 attulere*

314 4107 343 4161 P
394 4113 427 4161 22
446 4108 587 4163 mutatP‘
642 4108 849 4164 arcoalescant
867 4109 895 4162 P
944 4110 1322 4179 reinteraerrprauiden-

314 4185 361 4234 tur
379 4179 451 4235 duae
467 4180 512 4235 uel
530 4186 583 4235 tres
601 4181 708 4235 litterae
726 4181 870 4236 euanuiaee
887 4182 919 4236 in
937 4182 965 4234 B
