3322 5190
308 836 372 903 168
695 834 772 895 esi.
786 833 885 890 uwel
902 835 943 890 111

306 998 386 1062 item

521 1085 581 1150 tibi
605 1086 700 1170 enim,
722 1085 784 1149 tibi
807 1084 949 1151 maxims
972 1084 1053 1149 Iuno

521 1176 644 1238 mactat
665 1194 758 1238 sucre
782 1171 897 1237 ferens.

277 1300 298 1363 3
398 1294 605 1360 Profnnum
643 1317 754 1361 omnes
791 1317 894 1380 paene
931 1296 1142 1362 consentiunt
1177 1296 1209 1360 id
1243 1317 1321 1378 esse,

307 1384 394 1470 qnod
422 1389 514 1449 extre
542 1384 719 1451 seneticam
742 1408 874 1451 censum
897 1386 941 1451 eit
963 1385 1056 1472 qussi
1080 1408 1177 1470 porro
1200 1407 1220 1450 s
1243 1385 1319 1449 iuno
1347 1416 1361 1456 Β

308 1477 342 1537 et
360 1495 380 1538 s
397 1472 556 1556 religione
579 1478 750 1539 secretum.
795 1473 886 1538 cuiue
911 1474 1113 1556 significatus
1137 1475 1321 1558 exemplum

307 1564 477 1626 exsecutus
506 1564 571 1643 eet,
598 1582 672 1627 cum
699 1560 739 1625 de
761 1560 834 1626 luco
858 1564 891 1625 et
914 1561 1005 1626 editu
1029 1560 1205 1627 inferorum
1228 1581 1321 1626 sucro

307 1653 445 1733 utroque
469 1651 653 1733 loqueretur

521 1773 634 1855 procul
658 1792 676 1835 o
700 1772 812 1856 procul
836 1776 905 1837 este
931 1772 1072 1856 profani,

353 1859 539 1924 conclamat
561 1863 670 1941 nates,
692 1865 828 1943 totoque
852 1859 1002 1924 absistite
1025 1859 1107 1924 luco.
1336 1893 1362 1930 ιο

277 1987 349 2049 4eo
377 1982 514 2066 accedit,
545 1983 629 2066 qnod
653 1981 852 2048 Tnuunnrvs
879 1982 1082 2068 profanum
1106 1983 1142 2047 id
1167 1984 1321 2067 proprie

309 2071 386 2136 dici
405 2071 452 2137 eit
470 2070 568 2155 quod
588 2092 631 2133 ex
651 2070 838 2156 religioso
858 2072 917 2135 uel
938 2093 1048 2136 sucro
1067 2072 1106 2135 in
1125 2071 1321 2136 hominum

308 2182 416 2226 usum
459 2159 817 2245 proprietatemque
859 2182 1085 2226 conuersum
1122 2166 1194 2247 eet,
1236 2161 1322 2246 qnod

309 2249 513 2334 spertissime
537 2252 635 2332 poete
658 2250 814 2332 seruauit,
836 2271 909 2314 cum
933 2250 981 2313 uit

352 2371 463 2437 liunus
483 2392 597 2454 precor
616 2371 776 2454 miserere,
799 2372 914 2456 inquit,
936 2377 1035 2456 tuque
1054 2373 1180 2457 optime
1202 2372 1322 2438 ferrum
1338 2404 1362 2443 ιε

351 2459 454 2525 'Perre
476 2465 558 2542 tene,
583 2459 669 2524 colui
692 2463 819 2524 nestros
843 2461 872 2523 ei
896 2481 1024 2545 semper
1046 2462 1201 2546 honores,

353 2569 434 2635 quos
458 2552 573 2613 contrs
598 2546 768 2613 Aeneadae
791 2548 877 2613 bello
901 2548 1005 2614 iecere
1028 2548 1193 2632 profanos.

309 2674 434 2739 dixerut
457 2670 543 2736 euim

355 2800 410 2864 sed
434 2795 569 2881 stirpem
592 2795 707 2860 Teucri
731 2796 821 2860 nullo
845 2795 1031 2862 discrimine
1055 2820 1181 2863 enorum

355 2887 568 2968 sustulerunt,
1337 2918 1364 2956 ρο

310 3013 395 3078 unde
414 3009 558 3075 ostendit
577 3009 707 3093 proprie
727 3009 945 3094 profanatum,
968 3010 1055 3093 quod
1075 3031 1113 3073 ex
1133 3032 1225 3075 eecro
1250 3033 1322 3094 pro·

311 3102 470 3166 miscunm
495 3096 646 3161 humanis
670 3097 796 3161 notibus
820 3097 1059 3162 commodatum
1083 3104 1140 3162 est.

279 3191 301 3255 5
400 3185 582 3251 Sanctum
601 3190 672 3267 est,
699 3189 734 3248 ut
753 3185 836 3248 idem
851 3185 1049 3250 Tnuusrivs
1068 3203 1170 3249 numo
1189 3203 1322 3251 nucruo

310 3278 540 3343 anmonvu
563 3272 676 3357 refert,
699 3273 891 3337 interdum
915 3274 1013 3337 idem
1038 3274 1135 3356 qnod
1160 3295 1322 3357 sacrum,

312 3367 487 3448 idemque
507 3361 605 3446 quod
629 3361 871 3446 religiosum,
894 3359 1083 3426 interdum
1109 3361 1226 3444 eliud,
1250 3362 1362 3430 hoen

280 3459 372 3522 (ieet
403 3474 471 3518 nec
504 3471 653 3516 sacrum
684 3472 751 3514 nec
781 3451 1021 3535 religiosum,
1052 3456 1118 3516 est.
1165 3446 1248 3535 quo'd
1282 3451 1322 3515 ud

312 3543 485 3611 secundnm
509 3540 648 3622 speciem
671 3540 813 3622 pertinet

310 3687 451 3697 ——--
455 3685 522 3692 ---

382 3771 487 3826 Men.
507 3765 572 3822 VIII
592 3771 626 3822 84
685 3765 887 3820 oinvlcss
947 3771 979 3819 1⁶
998 3765 1036 3820 ib.
1055 3765 1106 3818 XII
1126 3772 1176 3823 777
1234 3774 1266 3822 19
1285 3769 1322 3822 ib.

310 3845 363 3898 XII
384 3849 435 3898 770

382 4054 466 4102 ‘lere
489 4050 574 4104 nutus
589 4051 617 4104 P
686 4048 872 4117 irreligione
893 4046 929 4100 P‘
1001 4054 1033 4101 1⁶
1052 4051 1164 4117 pptrms
1184 4047 1218 4102 P'
1291 4057 1322 4105 17

309 4117 446 4188 profanus
491 4119 497 4138 '
563 4126 594 4174 19
614 4121 689 4175 sacro
709 4116 745 4174 P'
808 4126 840 4172 21
860 4118 999 4193 pmrscnm
1018 4118 1045 4171 B
1109 4125 1143 4172 22
1163 4121 1322 4173 commoda-

309 4192 370 4244 tum
390 4189 424 4244 B
481 4195 514 4245 ‘25
532 4191 571 4260 qd
590 4198 654 4248 ante
671 4190 830 4262 religiosum
850 4206 900 4246 om.
920 4189 954 4243 B'
1010 4191 1097 4244 nlinm
1118 4189 1149 4243 B'
