3442 5190
760 808 837 863 nvn
857 815 945 865 a-rr
1317 813 1359 878 89

348 972 485 1057 denique
518 973 644 1038 inustos
676 972 790 1038 morbo
823 973 1152 1058 Απολλονοβλήτους
1183 969 1238 1039 καὶ
1269 972 1410 1058 altro-ll

346 1063 487 1145 βλήτους
509 1060 683 1145 appellant,
706 1063 740 1125 et
758 1062 836 1146 quia
855 1062 978 1127 similes
997 1064 1075 1126 sunt
1094 1063 1172 1128 solis
1192 1063 1358 1129 effectibus

347 1149 477 1216 effeetus
509 1151 605 1215 lunae
632 1149 667 1214 in
695 1149 836 1216 iuuando
864 1150 1087 1236 noesndoque,
1118 1150 1190 1216 ideo
1218 1150 1357 1218 feminas

348 1239 443 1304 certis
463 1238 605 1304 adflictas
627 1238 750 1305 morbis
770 1242 1032 1324 σεληνοβλήτονς
1055 1244 1088 1304 et
1107 1235 1358 1327 Ἀρτεμιδοβλή-

323 1345 422 1405 aroer
445 1330 572 1394 uocant.
610 1327 686 1394 hinc
710 1330 768 1414 ost,
792 1330 877 1414 quod
897 1352 972 1395 arcu
993 1333 1026 1393 et
1044 1331 1174 1416 sagittis
1194 1331 1357 1415 Apollinis
1370 1335 1411 1399 12

347 1417 518 1483 sirnnlaora
540 1418 749 1505 decorantur,
775 1422 812 1483 ut
832 1441 891 1504 per
914 1419 1053 1505 sagittas
1077 1419 1287 1506 intellegatur
1308 1421 1358 1487 uis

347 1507 463 1573 emissa
485 1507 647 1574 radiorum

431 1632 537 1807 griagio
561 1629 659 1698 ἔπειτ’
687 1632 817 1699 αὐτοῖσι
839 1631 938 1718 βέλος
960 1630 1132 1718 ἐχεπευκὲς
1155 1631 1259 1719 ἐφιεὶς

454 1721 494 1787 ἄλ
517 1718 539 1786 ’.

308 1863 333 1904 10
345 1844 428 1910 idem
456 1849 569 1912 auctor
594 1848 646 1910 est
670 1848 703 1910 et
724 1846 873 1931 publicae
897 1846 1075 1931 sospitatis,
1098 1869 1196 1931 quam
1220 1835 1417 1916 crediturl3¹

345 1934 393 2000 sol
426 1935 644 2000 animantibus
678 1940 845 2018 praestare
878 1935 1041 2019 temperie.
1094 1935 1149 1999 sed
1183 1936 1259 2020 quia
1288 1959 1361 2021 per·

344 2025 476 2106 petuam
511 2025 658 2106 praestat
694 2024 923 2089 salubritatem
958 2026 993 2087 et
1024 2023 1180 2106 pestilens
1213 2023 1255 2087 ab
1287 2024 1359 2108 ipso

345 2132 437 2175 casus
462 2112 565 2175 rarior
589 2113 651 2192 est,
679 2111 752 2176 ideo
776 2111 940 2195 Apollinis
967 2110 1141 2174 simulacre
1164 2131 1262 2175 manu
1286 2110 1360 2176 dex·

344 2200 415 2262 tera
429 2197 560 2262 Gratias
580 2200 721 2282 gestant,
741 2220 851 2262 areum
871 2219 944 2262 eum
963 2196 1094 2281 sagittis
1114 2197 1255 2282 sinistra,
1273 2199 1359 2283 quod

307 2299 332 2340 ¹⁵
346 2285 385 2349 ad
417 2307 536 2349 noxam
569 2286 613 2348 sit
644 2285 768 2369 pigrior
801 2288 835 2349 et
866 2286 1005 2350 salutem
1033 2306 1149 2349 manus
1177 2287 1360 2370 promptior

345 2373 512 2457 largiatur.
559 2372 633 2437 hine
661 2376 711 2437 ast
738 2372 823 2459 qnod
851 2374 956 2439 sidem
984 2371 1182 2439 adtribuitur
1210 2374 1412 2443 medendil4

344 2464 500 2547 potestas,
514 2462 592 2547 quia
604 2465 802 2547 temperatus
818 2463 896 2528 solis
911 2463 998 2529 calor
1012 2463 1200 2528 morborum
1215 2463 1360 2530 onmium

346 2551 424 2637 suga
443 2555 501 2616 est.
538 2573 613 2616 nam
637 2552 682 2627 ὡς
700 2550 928 2618 ἀπελαύνοντα
951 2551 1008 2627 τὰς
1030 2553 1153 2628 νόσους
1170 2547 1360 2618 Ἀπόλλωνα

346 2643 512 2726 tnrnquarn
533 2637 719 2706 Ἀπέλλωνα
742 2642 1006 2727 cognominatum
1025 2643 1150 2724 putant
1187 2663 1269 2725 quae
1289 2665 1359 2707 sen·
1373 2642 1413 2709 15

308 2744 334 2783 ²⁰
347 2730 451 2795 tentia
469 2729 607 2795 Latinae
631 2752 758 2816 quoque
781 2731 921 2796 nominis
941 2730 1159 2796 enuntiationi
1178 2753 1360 2817 congruens

346 2819 431 2904 feeit
454 2842 494 2884 ne
518 2818 614 2884 huius
633 2819 684 2884 dei
704 2841 822 2923 nomen
841 2823 1052 2904 uerteremus,
1074 2824 1111 2885 ut
1134 2820 1359 2923 Apollinem

342 2910 559 3077 tlsstltlt
568 2907 747 3084 'tulate
769 2907 1361 3084 ldltlnnltltllttllsst

346 3091 500 3172 Λοίμιον,
519 3088 582 3154 hoc
600 3089 793 3173 cognomine
813 3089 906 3154 finita
925 3087 1113 3175 pestilentia
1131 3093 1362 3174 nuncupatum.

309 3187 334 3229 ’ὅ
349 3177 458 3242 eadem
483 3178 594 3263 opinio
618 3178 784 3261 sospitatis
809 3181 843 3243 et
864 3178 980 3243 medici
1003 3179 1054 3243 dei
1078 3178 1112 3242 in
1140 3180 1262 3243 nostris
1286 3201 1362 3264 quo-

348 3288 409 3351 que
447 3266 547 3331 sacris
584 3267 722 3332 fouetur.
776 3289 916 3352 namque
953 3267 1098 3350 uirgines
1130 3265 1281 3333 Vestales
1314 3267 1363 3333 ita

347 3354 524 3437 indigitant
556 3355 699 3440 Apollo
732 3353 894 3436 Medico,
926 3355 1069 3440 Apollo
1102 3354 1238 3419 Paean.
1289 3379 1360 3421 cum
1374 3359 1415 3422 16

420 3764 432 3811 1
454 3757 805 3813 ΑΠΟΛΛΟΝΟΒΛΝΤΟΥ(
820 3758 848 3812 Ρ
890 3756 1138 3828 ΗΛΙΟΙΒΛΗΤΟΥ(
1152 3756 1188 3824 P,
1205 3757 1364 3811 ΗΛΙΟΒΑΗ-

348 3828 438 3883 ΤΟΥ(
457 3829 485 3883 Β
543 3827 700 3882 lal'llretal
715 3829 744 3882 P
801 3826 1080 3882 (ΕΛΗΝΟΒΛΗΤΟΙΕ
1097 3827 1125 3881 Β
1180 3829 1318 3882 tnoesnt
1335 3829 1363 3881 B

349 3900 465 3953 thllll
481 3900 514 3967 P,
529 3900 635 3953 saun
681 3906 714 3954 10
729 3898 856 3966 quamB
903 3899 1147 3967 llternperraelt
1194 3904 1226 3952 12
1241 3899 1367 3954 rdeorl’

350 3968 487 4025 lrmrlaera
507 3966 546 4024 P'
594 3976 627 4024 14
646 3987 726 4024 eoum
747 3965 813 4024 P''''
835 3968 962 4024 laidem
980 3970 1008 4023 B
1055 3975 1088 4024 18
1107 3970 1363 4024 ΑΠΕΛΛΥΝΟΝΤΛ

352 4040 380 4093 Ρ
436 4047 469 4095 19
489 4041 640 4111 tamlquam
658 4039 693 4095 B'
759 4047 794 4094 20
813 4043 1004 4095 enunciatrom
1024 4042 1052 4095 B
1111 4046 1144 4094 21
1164 4039 1224 4095 dier
1242 4041 1270 4094 B
1329 4046 1362 4093 22

351 4111 423 4166 male
442 4113 470 4167 P
533 4117 567 4167 22
587 4113 795 4167 ΔΛΕΖΙΚΛΚΟΝ
815 4113 852 4177 B,
871 4113 1079 4166 ΛΛΕΖΙΚΑΚΟΝ
1099 4112 1128 4166 Ρ
1192 4110 1364 4183 ορροΙΙεΙοοε

351 4182 497 4251 (suitl)P
550 4182 665 4239 ledam.
688 4185 715 4237 P
767 4189 801 4238 27
821 4199 894 4253 pean
914 4183 942 4237 B
