3322 5190
363 848 431 916 364
750 849 825 907 SA'l'.
839 850 935 906 LIBRI
955 850 992 908 Vt

410 1014 581 1098 speluncae
606 1013 733 1097 uiuique
756 1015 853 1095 lacus,
876 1018 911 1078 at
934 1013 1052 1097 frigida
1075 1013 1196 1097 Tempe

411 1101 618 1186 mugitusque
641 1101 739 1165 boum
763 1101 939 1187 mollesque
963 1102 1023 1165 sub
1047 1101 1161 1166 arbore
1185 1103 1290 1166 somni

411 1210 476 1255 non
499 1189 626 1273 absunt,
648 1189 716 1253 illic
739 1189 842 1254 saltus
866 1211 903 1254 ac
925 1189 1028 1253 lustra
1050 1188 1192 1254 ferarum

411 1281 444 1343 et
466 1277 595 1360 patiens
619 1297 753 1361 operum
777 1277 957 1361 exiguoque
981 1277 1115 1341 adsueta
1137 1277 1299 1341 iuuentus.

367 1398 536 1464 Lucretius
558 1399 593 1463 in
618 1399 701 1463 libro
725 1399 864 1462 secundo
1402 1415 1415 1454 s

337 1507 358 1572 ὃ
412 1504 440 1568 si
463 1525 529 1569 non
552 1524 652 1566 aurea
674 1507 751 1567 sunt
773 1503 927 1567 iuuenum
951 1503 1125 1567 simulacra
1147 1524 1205 1584 per
1228 1502 1322 1566 aedes

412 1590 582 1674 lampadas
605 1590 761 1674 igniferas
784 1591 934 1654 manibus
957 1591 1129 1655 retinentia
1152 1590 1283 1671 dextris,

412 1679 536 1744 lumina
558 1679 725 1742 nocturnis
749 1679 849 1759 epulis
871 1683 908 1742 ut
931 1679 1186 1762 subpediteniur,

413 1788 473 1832 nec
497 1766 610 1831 domus
634 1771 770 1851 argento
794 1766 921 1851 fulgens
945 1788 1085 1851 auroque
1109 1766 1258 1831 renidens

414 1876 473 1919 nec
496 1854 656 1920 citharam
679 1854 816 1920 reboant
838 1856 989 1938 laqueata
1012 1859 1189 1938 aurataque
1212 1856 1307 1936 tecta,
1392 1871 1418 1909 ιο

416 1964 489 2009 cum
513 1947 621 2008 tamen
645 1943 732 2007 inter
754 1964 788 2007 se
812 1943 966 2027 prostrati
990 1945 1023 2008 in
1049 1943 1194 2029 gramine
1218 1941 1308 2007 molli

416 2035 551 2116 propter
574 2053 676 2115 aquae
700 2032 808 2097 riuum
827 2033 887 2096 sub
910 2032 1010 2097 ramis
1035 2031 1160 2097 arboris
1184 2031 1279 2114 altae,

416 2141 482 2185 non
505 2121 632 2204 magnis
656 2120 772 2203 opibus
795 2121 930 2185 iucundo
954 2142 1091 2204 corpora
1115 2122 1238 2203 curant,

416 2209 606 2292 praesertim
630 2229 702 2272 curn
726 2212 902 2292 tempestas
927 2210 1046 2273 arridet
1069 2214 1102 2272 et
1123 2209 1199 2272 anni

416 2300 566 2379 tempora
589 2301 808 2380 conspergunt
830 2296 1009 2361 uiridantas
1032 2296 1166 2360 floribus
1189 2295 1316 2359 herbas.
1395 2320 1420 2360 15

341 2423 362 2486 6
416 2418 491 2485 Non
515 2418 647 2482 umbrae
670 2419 812 2482 altorum
831 2439 1009 2503 nemorum,
1032 2440 1098 2481 non
1117 2418 1228 2482 mollia
1246 2421 1383 2501 possunt

417 2511 513 2592 prata
536 2527 666 2570 mouere
690 2506 847 2571 animum:
870 2527 937 2571 non
960 2506 1015 2591 qui
1038 2528 1097 2590 per
1119 2527 1198 2570 saxa
1221 2506 1352 2570 uolutus

418 2595 529 2682 purior
551 2595 669 2658 electro
693 2616 843 2679 campum
865 2595 950 2678 petit
972 2595 1086 2660 amnis.

375 2719 542 2785 Lucretius
566 2721 599 2783 iu
623 2718 763 2783 secundo

418 2848 477 2892 nec
500 2831 631 2890 tenerae
656 2826 770 2890 salices
795 2831 890 2910 atqua
914 2826 1034 2890 herbae
1054 2848 1125 2890 rore
1149 2827 1282 2891 uirentis
1399 2852 1424 2891 20

419 2916 615 2999 fluminaque
640 2916 707 2978 ullu
731 2921 853 2998 queunt
877 2916 1011 2980 summis
1036 2916 1180 2979 lubentia
1203 2917 1281 2999 ripis

421 3005 582 3068 oblectare
607 3004 749 3066 animum
775 3006 978 3086 subitamque
1003 3008 1149 3066 auertere
1173 3026 1290 3066 curam.

346 3119 478 3202 iipsius
513 3139 587 3181 uero
622 3119 842 3199 pestilentiae,
875 3140 957 3200 quae
988 3122 1037 3181 est
1064 3119 1097 3181 in
1126 3118 1222 3180 tertio
1251 3117 1382 3199 Georgi-

377 3227 499 3285 corum,
529 3205 618 3269 color
642 3209 730 3267 totus
754 3209 786 3267 et
810 3206 1000 3268 liniamenta
1023 3226 1124 3287 paene
1149 3205 1256 3267 omnia
1279 3208 1383 3266 tractu

377 3298 453 3357 suut
486 3291 523 3354 da
552 3293 765 3373 descriptione
794 3292 1013 3373 pestilentiae,
1047 3315 1126 3375 quae
1154 3297 1204 3355 est
1231 3293 1265 3354 in
1293 3297 1423 3353 sextoas

377 3380 526 3444 Lucretii.
571 3401 647 3442 nam
671 3378 861 3462 Vergiliana
884 3381 999 3463 incipit

421 3495 476 3556 hic
499 3494 661 3575 quondam
685 3495 798 3556 morbo
823 3495 901 3556 caeli
926 3494 1107 3556 miseranda
1130 3497 1241 3557 coorta
1264 3496 1313 3555 est

421 3585 598 3663 tempestas
623 3585 757 3662 totoque
782 3582 927 3644 autumni
952 3582 1118 3644 incanduit
1142 3585 1231 3643 aestu

422 3672 455 3731 et
479 3690 579 3753 genus
604 3690 697 3732 omne
721 3669 792 3732 neci
817 3668 972 3752 pecudum
997 3669 1093 3752 dedit,
1117 3691 1212 3732 omne
1236 3669 1384 3732 ferarum.

378 3831 517 3951 111411θῖ4
609 3832 642 3879 16
662 3826 763 3895 Georg.
789 3825 826 3878 111
846 3830 897 3880 520
988 3832 1020 3880 19
1039 3825 1064 3878 H
1088 3832 1136 3880 361
1229 3824 1384 3892 tideorg.

450 4039 520 4094 lad
539 4041 567 4093 P
670 4045 703 4092 10
723 4040 874 4108 qioqueata
896 4041 922 4093 P
1018 4042 1094 4094 tectu
1113 4040 1253 4093 Bentleius
1272 4039 1309 4092 ud
1328 4040 1385 4092 cod.

379 4111 642 4183 Oaritctripicusem:
661 4116 726 4181 tepe
748 4112 775 4164 P
839 4117 868 4163 ll
890 4119 955 4198 capr¹
972 4112 1049 4165 molli
1069 4112 1096 4164 P
1160 4117 1190 4164 13
1211 4109 1328 4165 iocunde
1349 4104 1385 4161 P'

380 4206 410 4255 17
431 4217 543 4256 uomere
562 4201 590 4255 P
642 4205 675 4254 25
696 4200 754 4256 ·VI·
776 4201 803 4254 P
