3322 5190
254 183 320 250 208
407 156 411 164 ’
642 182 718 240 ssu.
733 181 832 239 uem
850 181 890 238 ιιι

254 348 358 412 inter
375 346 469 412 duos
487 350 626 432 pontes
643 348 758 431 capto
772 349 868 410 erunt
880 345 1080 429 testimonio,
1098 344 1268 411 sedetiam

255 455 375 520 mores,
404 434 523 520 quibus
550 433 697 520 plerique
723 436 800 499 tune
827 431 986 498 uiuebsnt
1007 431 1103 498 focile
1124 433 1268 518 publice·

255 521 347 589 bunt
391 521 578 588 describens
597 520 683 587 enim
701 520 850 587 homines
868 519 1021 608 prodigos
1039 521 1074 587 in
1097 521 1205 587 forum
1228 522 1269 587 ad

254 610 461 678 iudicandum
483 611 592 678 ebrios
615 615 844 698 commeentes,
888 631 1012 697 uaeque
1034 611 1164 677 soleant
1185 611 1271 678 inter

204 699 290 768 lbse
308 700 597 782 sermocinari'sic
620 701 668 767 ait
690 700 832 768 ludunt
853 631 939 767 adea
960 700 1150 787 studiose,
1173 701 1268 768 deli·
1296 724 1310 766 s

253 790 338 856 buti
361 791 587 876 unguentis,
613 791 757 856 scortis
784 789 933 876 stipati.
979 789 1044 855 ubi
1068 790 1185 856 horae
1208 793 1269 855 de·

253 898 333 944 cem
360 882 463 960 sunt,
490 878 624 943 iubent
650 899 806 963 puerum
830 876 977 961 uocari,
1006 880 1048 941 ut
1069 879 1269 943 comitium

254 969 320 1031 eat
342 969 628 1051 percontatum,
651 966 739 1051 quid
762 965 801 1030 in
824 966 911 1031 foro
936 970 1086 1051 gestum
1109 965 1176 1052 sit,
1205 965 1270 1053 qui

254 1054 463 1138 suaserint,
487 1056 551 1139 qui
575 1054 848 1138 dissuaserint,
879 1058 973 1138 quot
995 1053 1122 1119 tribus
1145 1054 1267 1120 iusse-

254 1141 348 1226 rint,
369 1146 461 1226 quot
480 1144 687 1207 uetuerint
724 1143 810 1209 inde
830 1143 875 1208 ad
893 1142 1090 1207 comitium
1110 1141 1269 1222 uadunt,
1284 1161 1310 1199 1⁰

254 1250 300 1294 ne
322 1229 433 1293 litem
452 1251 556 1294 suam
581 1229 737 1295 faciant
782 1232 866 1294 dum
890 1234 994 1312 eunt,
1016 1230 1125 1294 nulla
1147 1235 1207 1294 est
1229 1232 1268 1294 in

257 1316 464 1401 angiportu
480 1316 666 1401 amphora
685 1338 795 1401 quum
813 1338 889 1381 non
908 1316 1109 1401 impleant,
1127 1317 1268 1401 quippe

204 1402 320 1490 loqui
342 1405 511 1470 uesicam
537 1404 688 1490 plenam
711 1404 792 1469 uini
815 1403 993 1471 habeant
1045 1405 1208 1469 ueniunt
1230 1408 1268 1470 in

256 1493 468 1577 comitium,
492 1492 632 1558 tristes
651 1494 787 1559 iubent
804 1494 938 1560 dicere.
976 1515 1133 1578 quorum
1152 1515 1268 1579 nego·

256 1583 352 1647 tium
375 1586 435 1648 est
456 1586 630 1666 narrant,
658 1583 770 1649 iudex
792 1587 914 1650 testes
938 1583 1078 1668 poscit,
1108 1583 1215 1666 ipsus
1238 1584 1308 1648 itu

255 1671 448 1737 minctum.
495 1671 562 1736 ubi
595 1670 710 1756 redit,
741 1673 797 1737 ait
828 1694 866 1738 se
899 1673 1025 1738 omnia
1058 1670 1268 1755 audiuisse,

254 1759 412 1826 tubulas
431 1760 573 1847 poscit,
596 1760 755 1826 litteras
777 1762 953 1846 inspicit:
976 1761 1040 1825 uix
1063 1781 1154 1845 prae
1176 1762 1267 1827 uino

256 1850 427 1914 sustinet
463 1848 681 1934 palpebras.
741 1854 831 1914 eunt
867 1851 905 1914 in
941 1851 1155 1915 consilium.
1214 1850 1267 1915 ibi

254 1936 348 2003 hoec
380 1939 507 2004 oratio
537 1935 643 2024 ‘quid
673 1937 766 2003 mihi
796 1939 946 2024 negotii
976 1944 1035 2004 est
1065 1961 1147 2004 curu
1177 1939 1268 2004 istis

254 2027 530 2114 nugatoribus,
575 2027 665 2113 quin
711 2028 840 2112 potius
886 2031 1062 2111 potamus
1104 2029 1308 2093 mulsumu

255 2116 415 2182 mixtum
439 2117 528 2182 uino
552 2114 713 2200 Graeco,
742 2117 887 2182 edimus
911 2116 1062 2182 turdum
1086 2117 1267 2202 pinguem

254 2203 473 2290 bonumque
490 2206 649 2288 piscem,
672 2205 800 2288 lupum
821 2227 1054 2290 germanum,
1077 2206 1140 2288 qui
1165 2207 1267 2271 inter

204 2290 350 2357 Ilduos
387 2297 525 2376 pontes
563 2295 698 2376 captus
735 2292 830 2357 fuit?
867 2293 945 2358 bueo
981 2293 1096 2360 Titius.
1142 2294 1198 2357 sed
1234 2298 1268 2359 ct

254 2377 435 2465 Lvonuvs,
464 2401 538 2446 acer
565 2385 599 2445 et
625 2381 787 2445 uiolentus
815 2387 926 2464 poeta,
955 2382 1098 2446 ostendit
1126 2380 1210 2447 scire
1232 2405 1266 2448 se

254 2466 340 2532 hunc
371 2469 492 2552 piscem
525 2468 649 2554 egregii
680 2469 818 2554 saporis,
850 2469 904 2552 qui
931 2470 1016 2534 inter
1043 2470 1123 2534 duos
1151 2474 1266 2554 pontes
1281 2485 1307 2524 ’ὁ

174 2636 178 2644 ¹
255 2560 369 2639 captus
393 2560 491 2640 esset,
522 2578 657 2643 eumque
681 2558 773 2640 quasi
797 2557 1016 2642 ligurritorem
1040 2558 1266 2623 catillonem

255 2645 410 2729 appellat,
428 2645 551 2711 scilicet
566 2647 621 2731 qui
635 2647 780 2730 proxime
795 2647 881 2732 ripas
901 2652 1025 2712 stercus
1045 2647 1266 2713 insectaretur.

253 2734 383 2818 proprie
402 2738 511 2802 nutem
531 2736 699 2802 cutillones
723 2735 912 2801 dicebantur
935 2737 999 2822 qui,
1022 2734 1063 2803 ud
1087 2736 1266 2821 polluctum

254 2821 405 2889 Herculis
442 2825 547 2890 ultimi
585 2847 656 2891 curu
694 2826 854 2911 uenirent,
895 2825 1023 2891 catillus
1060 2825 1266 2912 ligurribeut

203 2911 370 2981 18Lucilii
394 2936 507 2980 uersus
530 2914 564 2980 hi
588 2919 663 2981 suut
1280 2931 1307 2971 ω

255 3031 468 3040 ——---—-

328 3097 339 3144 ι
362 3090 407 3145 led
427 3091 506 3146 &ram
525 3091 617 3145 morel
630 3092 713 3146 iterat
731 3087 765 3144 R‘
827 3097 843 3144 4
863 3089 977 3144 hebrrol
992 3091 1019 3144 B
1082 3091 1266 3146 buleutluosc

253 3161 289 3216 B'
361 3167 394 3216 lb
413 3163 511 3217 ducunt
529 3163 612 3217 ludex
632 3163 660 3216 P
719 3161 909 3232 rplumlrtli
975 3168 1005 3218 l‘l
1026 3161 1171 3216 tubuluP
1234 3167 1266 3217 18

253 3232 392 3301 palpebul
414 3231 452 3287 P'
561 3235 641 3288 Guntr
665 3251 695 3288 ru
718 3233 832 3288 consrlro
855 3233 889 3302 P,
918 3234 995 3304 cunt!
1018 3252 1047 3286 ru
1072 3233 1217 3287 consrlrum
1240 3234 1268 3286 Β

253 3308 288 3358 20
307 3305 460 3372 nugalibus
479 3322 547 3361 corr.
567 3309 598 3360 in
616 3304 773 3374 nugacibus
789 3305 817 3358 P
900 3304 967 3373 quin
985 3304 1080 3373 potius
1100 3305 1267 3374 Muduipius

252 3373 784 3462 odOic.fin.11H8,20.-pot1us(
823 3376 918 3429 tulB'
955 3393 1038 3444 quam
1061 3374 1119 3428 BP
1231 3381 1271 3429 tt¹

251 3444 367 3542 turdum
386 3446 415 3501 P
479 3454 512 3502 2³
532 3446 614 3518 potes
630 3446 658 3501 P
738 3445 894 3501 teuchus
942 3443 948 3462 ‘
1018 3452 1053 3501 26
1073 3446 1212 3502 cauuoeo
1230 3443 1266 3501 B'

252 3555 286 3604 28
301 3552 457 3623 polluctum
476 3553 504 3608 B
559 3560 593 3610 29
612 3552 706 3609 ultrnn
725 3555 907 3610 conuenirent
926 3552 990 3608 BP'
