3322 5190
229 728 272 794 38
626 727 702 786 ΕΔΤ.
721 727 820 784 LIBRI
838 727 851 782 1

217 890 319 978 dicit,
357 911 468 955 uerum
507 889 588 953 mihi
620 889 833 974 Appollodori
865 888 963 954 lectio
1000 890 1047 955 sic
1084 890 1241 976 suggerit.

221 975 437 1043 Saturnum
462 977 729 1044 Auonnononvs
757 977 918 1063 elligsri
942 978 990 1043 sit
1013 999 1080 1062 per
1103 999 1242 1043 annum

220 1067 338 1132 lcneo
361 1067 520 1132 uinculo
544 1072 582 1130 et
605 1068 708 1132 solui
738 1067 783 1131 sd
812 1066 909 1131 diem
938 1065 1013 1131 sibi
1041 1066 1185 1132 loetum
1209 1066 1242 1131 id

222 1159 274 1221 eet
297 1177 406 1221 mense
429 1156 492 1221 hoc
515 1154 695 1220 Decembri.
741 1159 856 1240 etque
879 1154 968 1219 iude
990 1157 1241 1239 prouerbium

222 1245 378 1311 ductum
409 1245 499 1310 deos
528 1245 662 1310 leucos
688 1243 804 1328 pedes
833 1243 989 1328 hebere,
1017 1244 1241 1330 significari
1269 1273 1282 1312 s

221 1354 313 1398 uero
342 1334 487 1399 decimo
516 1356 643 1399 mense
666 1354 795 1399 semen
824 1335 862 1397 iu
890 1335 999 1398 utero
1027 1335 1240 1399 unimutum

221 1421 261 1487 in
288 1423 411 1487 uitem
435 1422 706 1508 grandescere,
729 1421 827 1506 quod
856 1421 975 1487 donec
1002 1423 1241 1507 erumpatin

190 1510 360 1596 6luoem,
399 1513 583 1577 mollibus
620 1520 781 1576 usturoe
819 1510 989 1576 uinculis
1026 1511 1241 1598 detinetur,

220 1604 273 1665 est
291 1622 387 1684 porro
402 1600 487 1665 idem
503 1597 639 1685 Κρόνος
661 1597 716 1665 καὶ
739 1598 868 1684 χρόνος.
901 1598 1078 1665 Saturnum
1098 1601 1184 1666 enirn
1204 1602 1237 1665 in

220 1693 379 1772 quantum
411 1689 546 1775 mythici
588 1689 773 1755 fictionibus
806 1687 1006 1773 distrahunt,
1038 1690 1071 1755 iu
1109 1694 1237 1756 tuntum
1253 1717 1278 1755 ro

221 1795 360 1844 Pursrcr
397 1779 436 1844 ad
482 1778 642 1865 quendem
683 1779 751 1844 ueri
790 1778 1035 1845 similitudinem
1073 1784 1238 1845 reuocent

220 1866 324 1933 huno
361 1867 454 1933 siunt
486 1868 705 1934 abscidisse
739 1865 847 1933 Oceli
884 1868 1011 1953 patris
1048 1867 1241 1955 pudende,

221 1956 361 2040 quibus
389 1959 427 2021 in
455 1979 559 2022 mare
587 1957 748 2022 deiectis
773 1956 956 2023 Venerem
980 1962 1240 2041 procreatum,

221 2065 316 2127 quse
344 2067 364 2109 s
391 2068 537 2129 sponse,
569 2047 666 2110 unde
694 2045 854 2126 coaluit,
886 2044 1072 2128 Ἀφροδίτη
1101 2067 1237 2111 οοιοοο

190 2131 391 2217 lsceepit
447 2155 489 2196 ex
523 2155 596 2218 quo
628 2132 811 2217 intellegi
844 2133 973 2214 uolunt,
1005 2155 1088 2197 cum
1121 2134 1278 2199 chocem

221 2226 337 2304 esset,
370 2225 546 2303 tempora
580 2242 653 2284 non
682 2220 819 2301 fuisse,
847 2219 1007 2302 siquidem
1031 2224 1161 2303 ternpus
1189 2229 1240 2286 est

220 2311 309 2371 certe
332 2305 505 2391 dimensio,
533 2329 616 2391 quae
644 2329 683 2370 ex
717 2308 800 2369 cueli
827 2307 1038 2369 conuersione
1065 2307 1239 2392 colligitur.

220 2396 350 2477 tempus
393 2395 502 2478 eoepit
537 2394 625 2458 inde:
663 2393 704 2457 eb
732 2394 804 2475 ipso
833 2398 929 2456 notus
953 2397 1088 2475 putetur
1105 2393 1240 2479 Κρόνος

189 2479 290 2563 8qui,
319 2484 356 2544 ut
383 2480 537 2563 diximus,
570 2479 690 2564 χρόνος
717 2483 776 2544 est.
814 2500 951 2565 cumque
979 2479 1103 2544 semine
1130 2503 1238 2546 rorum

221 2567 366 2632 omnium
394 2574 469 2653 post
496 2569 620 2633 caelum
649 2567 883 2654 gignendarum
912 2568 951 2632 de
975 2570 1065 2634 coelo
1089 2568 1238 2655 fluerent,
1252 2595 1278 2632 ec

220 2660 254 2720 ot
283 2658 443 2722 elemento
469 2658 636 2740 universo,
663 2678 745 2741 quoe
773 2655 892 2721 mundo
921 2656 1158 2741 plenitudinem
1192 2659 1237 2724 fe·

220 2751 331 2812 cereut
366 2771 405 2812 ex
437 2747 502 2813 illis
539 2747 716 2812 seminibus
754 2746 978 2830 tunderentur,
1011 2747 1065 2811 ubi
1099 2749 1236 2814 mundus

220 2838 371 2902 omnibus
391 2838 459 2901 suis
478 2838 626 2921 pertibus
646 2835 863 2920 membrisque
883 2836 1044 2920 perfectus
1064 2842 1125 2921 est,
1147 2843 1235 2902 corto

220 2925 288 2989 ium
312 2929 459 3009 tempore
482 2926 556 2990 finis
579 2927 683 2990 fuctus
712 2929 762 2989 est
789 2925 979 3008 procedendi
1008 2924 1046 2988 de
1069 2927 1159 2991 coelo
1188 2949 1234 2990 se-

221 3013 311 3077 ruine
334 3014 375 3078 ed
395 3014 627 3079 elementorum
647 3015 900 3096 conceptionem,
927 3014 1048 3096 quippe
1067 3034 1149 3096 quae
1169 3015 1233 3078 iurn
1249 3048 1276 3088 ,ς

220 3101 318 3185 plenu
351 3102 482 3167 fuerent
514 3107 691 3187 procreate
716 3117 718 3125 ’
746 3101 934 3166 animalium
966 3123 1043 3166 uero
1070 3107 1234 3168 aeternum

220 3193 489 3275 propagationem
509 3192 549 3256 sd
569 3190 728 3256 Venerem
752 3189 930 3275 generandi
952 3189 1090 3255 facultas
1115 3213 1153 3254 ex
1178 3191 1235 3255 liu-

222 3300 312 3344 more
336 3280 496 3345 translate
519 3285 581 3365 est,
610 3284 646 3344 ut
674 3302 732 3364 per
755 3279 876 3344 coitum
904 3278 1003 3343 muris
1033 3279 1235 3364 feminaeque

222 3495 308 3628 ltili
331 3487 440 3542 Erosmi
468 3488 549 3560 odeg.
573 3487 637 3542 chil.
666 3487 680 3540 1
703 3489 775 3543 cent.
800 3488 825 3541 x
849 3493 883 3542 82
908 3503 936 3556 p.
961 3493 1011 3542 271
1037 3486 1059 3539 B
1087 3487 1142 3556 (cd.
1171 3486 1234 3543 Bur.

221 3679 435 3690 -—-.--—.

295 3773 490 3844 reposcos
540 3779 628 3841 equo
648 3775 676 3828 n
725 3773 898 3828 oxeoooo
918 3769 953 3826 Ρ·
1013 3778 1045 3826 10
1059 3754 1180 3841 iduum
1200 3773 1234 3841 P,

219 3845 336 3944 111th
392 3886 424 3933 11
444 3878 515 3933 hirci
533 3877 566 3946 P,
586 3878 686 4001 phisici
704 3880 731 3933 B
787 3884 820 3933 12
839 3877 968 3948 petrissl
986 3877 1014 3930 P
1068 3879 1234 3934 llufrodrte

220 3950 284 4003 BP
338 3955 370 4004 18
390 3949 513 4022 ceprtP
568 3966 585 4001 u
623 3967 673 4004 οοι.
692 3947 727 4002 Η
787 3949 871 4002 netur
890 3946 1056 4017 puteturB'
1114 3955 1148 4003 20
1167 3951 1232 4021 cqlri

214 4026 327 4087 praeter
346 4024 363 4075 ιῑ
383 4022 415 4076 in
433 4036 487 4076 roe.
508 4021 536 4073 P
597 4020 720 4074 linerent
739 4017 775 4072 B'
834 4024 868 4073 27
887 4022 1064 4090 ppegcuonc
1080 4026 1192 4089 practer
1209 4038 1234 4094 p

218 4090 250 4144 in
268 4107 323 4147 ras.
343 4091 372 4145 P
423 4095 456 4145 28
476 4089 629 4144 truulletus
646 4090 674 4144 P
731 4095 765 4143 28
785 4105 817 4143 eo
836 4091 868 4144 in
886 4091 963 4144 cortu
983 4091 1015 4144 in
1032 4106 1087 4148 ras.
1106 4092 1139 4146 in
1159 4089 1187 4142 P
