3322 5190
330 825 397 890 814
722 821 798 878 SAT.
817 820 913 879 LIBRI
934 823 954 874 V

398 987 433 1051 ot
454 979 484 1049 δ’
507 978 706 1066 Ἀσπληδόν’
733 984 855 1069 ἔναιον,

398 1076 433 1140 οἳ
454 1067 484 1138 δ’
512 1071 661 1155 Εὔβοιαν
684 1073 772 1157 ἔχον,

399 1163 435 1229 οἵ
454 1159 484 1228 τ’
502 1158 623 1244 Ἀργος
645 1155 674 1226 τ’
700 1155 792 1246 εἶχον
820 1161 971 1245 Τίρυνθά
993 1185 1039 1244 τε,

397 1252 433 1318 οῗ
452 1245 480 1316 τ’
507 1244 598 1336 εἶχον
620 1250 738 1334 uncino
761 1249 997 1335 Λακεδαίμονα
1018 1252 1217 1335 κητώεσσαν.

276 1377 383 1445 lobio
420 1379 529 1442 autem
560 1374 668 1440 uariat
699 1373 791 1439 uelut
822 1374 958 1440 dedecus
991 1380 1047 1441 aut
1079 1377 1200 1441 crimen
1233 1376 1341 1442 uitans
1368 1402 1381 1441 s

330 1465 557 1550 repetitionem

420 1587 544 1671 primus
567 1585 629 1649 init
651 1584 771 1649 bellum
795 1585 971 1668 Tyrrhenis
995 1607 1089 1670 asper
1112 1585 1153 1651 ab
1177 1585 1252 1668 oris,

418 1673 507 1738 filius
530 1672 606 1737 huie
630 1671 722 1736 iuxta
744 1671 869 1737 Lausus

420 1763 498 1844 post
519 1759 580 1824 hos
603 1759 764 1845 insignem
786 1760 876 1824 fama
898 1782 956 1844 per
979 1762 1127 1846 gramina
1151 1783 1289 1845 currum,

420 1852 490 1912 tum
513 1846 637 1930 gemini
660 1847 787 1931 fratrae,
1357 1875 1381 1913 ιο

419 1956 479 2000 neo
501 1932 734 2000 Praenestinae
757 1933 918 2021 fundator,

420 2027 455 2090 at
477 2021 646 2108 Messapus
669 2045 786 2109 equum
809 2023 958 2110 domitor,

420 2133 493 2178 eoos
516 2108 711 2177 Sabinorum
735 2112 842 2197 priseo
866 2112 904 2178 ds
928 2115 1095 2200 sangnine,

419 2200 474 2266 hio
496 2199 783 2287 Agamemnonius,

420 2292 508 2355 etto
531 2295 711 2372 montosae,
1356 2316 1381 2356 re

420 2379 500 2464 quin
523 2381 557 2443 st
578 2376 747 2444 Marrubis
769 2379 861 2444 uenit
883 2377 922 2443 de
945 2384 1043 2464 geute
1067 2379 1227 2461 sacerdos,

419 2468 490 2533 ibat
512 2471 546 2531 et
568 2464 741 2552 Hippolyti
765 2467 884 2551 proles.

278 2592 389 2663 ithae
417 2591 529 2677 copias
557 2589 698 2655 fortasse
725 2594 821 2676 putat
847 2591 965 2676 aliquis
993 2590 1123 2656 dininas
1147 2592 1194 2656 illi
1218 2591 1343 2676 simpli·

330 2682 421 2748 citati
449 2678 690 2764 praeferendas,
722 2679 778 2744 sed
811 2681 918 2744 neseio
948 2702 1011 2764 quo
1040 2680 1135 2744 modo
1164 2679 1344 2746 Homerum

329 2770 479 2855 repetitio
507 2768 564 2832 illa
591 2768 684 2832 nnioe
715 2768 819 2833 decet:
850 2773 900 2833 est
923 2768 1054 2853 ingenio
1079 2770 1204 2854 antiqui
1228 2775 1343 2853 poetae
1358 2797 1384 2835 so

330 2861 430 2945 digna
448 2857 746 2941 enumeratiouique
766 2857 971 2937 conueniens,
995 2858 1080 2941 quod
1099 2858 1131 2921 in
1152 2859 1233 2942 loeo,
1254 2881 1344 2924 mera

330 2948 463 3014 nomina
494 2945 671 3028 relaturus,
704 2967 769 3009 nou
799 2947 984 3010 ineurueuit
1007 2968 1055 3028 se,
1087 2968 1190 3030 neque
1219 2947 1343 3012 minute

331 3037 428 3100 torsit
463 3034 648 3099 deducendo
685 3035 797 3097 stilum
833 3056 892 3116 per
924 3034 1125 3117 singulorum
1158 3035 1342 3117 uarietates,

331 3123 387 3187 sed
411 3126 478 3187 stet
500 3124 534 3186 in
560 3120 791 3185 consuetudine
812 3123 1070 3204 percensentium
1094 3126 1258 3205 tamqnam
1284 3144 1342 3206 per

332 3212 433 3276 soieni
470 3209 647 3293 dispositos
681 3230 883 3294 enumerans,
921 3209 1006 3295 quod
1039 3232 1104 3275 non
1136 3208 1209 3274 aliis
1243 3232 1381 3294 quamn

280 3303 536 3368 l'Inumerorum
577 3298 615 3362 flu
651 3297 826 3363 iioesbntis.
886 3303 919 3362 et
955 3304 1064 3363 tamen
1102 3299 1245 3384 egregie,
1285 3300 1340 3365 ubi

332 3392 468 3473 oportet,
491 3388 530 3452 de
554 3387 738 3452 nominibus
762 3388 878 3452 ducum
901 3389 1008 3452 uariat

331 3536 344 3543 -
351 3536 372 3542 --.
378 3533 543 3541 m*—

405 3626 472 3673 1-4
490 3618 521 3672 ΙΙ.
538 3619 632 3674 8611.
648 3623 708 3670 oso.
728 3622 788 3670 659.
804 3621 854 3669 581
914 3623 1000 3672 7-17
1021 3616 1102 3685 Verg.
1121 3619 1189 3674 Aen.
1209 3616 1260 3672 Vll
1279 3624 1340 3673 647.

331 3695 392 3747 619.
412 3698 472 3746 ooo.
492 3696 551 3746 670.
571 3693 630 3743 oie.
652 3695 711 3742 oui.
732 3692 792 3743 706.
813 3693 872 3742 ine.
892 3694 951 3742 744.
971 3694 1030 3743 760.
1051 3692 1101 3741 toi

403 3913 416 3958 1
437 3905 620 3958 ΑΠΑΝΔΟΝ
640 3903 668 3957 P
719 3908 735 3955 ³
755 3904 855 3956 ΙΡΥΝΟ
874 3902 936 3955 nie
951 3902 978 3954 Ρ
1028 3909 1043 3955 4
1063 3903 1146 3956 ΛΑΚΕ
1167 3905 1298 3958 Antinoo
1315 3903 1343 3957 Ρ

331 3976 520 4032 mnemon
542 3976 569 4027 Ρ
640 3979 703 4028 'iru
723 3973 752 4026 id
770 3973 799 4027 P
869 3972 979 4026 tirrenrf
996 3973 1023 4024 P
1099 3980 1129 4027 1³
1149 3973 1284 4042 sanguino
1303 3971 1340 4027 P'

332 4056 363 4103 17
383 4047 497 4116 rppulitr
515 4045 543 4098 P
598 4050 630 4098 18
648 4045 760 4113 putant
778 4048 807 4111 (n
826 4047 905 4111 erus.)
926 4044 954 4096 P
1005 4045 1109 4117 dimine
1130 4044 1158 4097 P
1210 4049 1244 4097 20
1263 4060 1342 4114 repe·

329 4191 397 4244 trono
418 4188 446 4241 P
498 4134 643 4257 eriugena
661 4185 690 4239 P
741 4185 910 4254 aqtrqu1P¹
965 4190 999 4239 22
1019 4200 1080 4254 neq.
1100 4201 1255 4255 suprascr.
1276 4187 1303 4240 P
