3442 5190
786 893 917 949 vs-ri
1297 892 1360 966 θοι

347 1061 424 1125 ante
447 1057 645 1142 rettulimus,
667 1077 745 1143 ergo
769 1055 941 1142 medietas,
963 1055 1054 1122 cuins
1077 1057 1206 1140 partem
1228 1077 1290 1122 nos
1313 1056 1363 1123 iii·

347 1147 498 1232 colimus,
521 1147 581 1212 sub
605 1167 643 1213 eo
667 1146 756 1213 caelo
780 1147 844 1227 est,
872 1145 959 1231 qnod
986 1144 1085 1211 luent
1111 1166 1210 1230 super
1231 1145 1320 1210 terra

348 1236 526 1321 etreliqua
554 1234 710 1301 medietas
738 1235 798 1301 eub
821 1233 894 1318 illo,
922 1233 1006 1318 quod
1036 1234 1112 1299 dum
1135 1233 1294 1317 uoluitur,
1322 1256 1341 1299 a

347 1348 387 1391 ea
410 1325 491 1410 loco,
514 1347 597 1412 qnae
620 1323 662 1390 ad
684 1346 744 1389 nos
763 1323 914 1389 uidentur
936 1322 1101 1407 interiora,
1124 1321 1299 1406 descendit,
1327 1323 1362 1388 in

321 1416 453 1482 emedio
478 1416 564 1481 enim
584 1414 692 1481 locata
715 1413 861 1479 exomni
881 1436 940 1479 sua
958 1417 1051 1500 parte
1069 1414 1195 1478 caelum
1215 1411 1362 1498 suspicit.

346 1505 443 1571 huius
467 1505 569 1592 igitur
591 1504 632 1570 ad
656 1504 781 1570 caelum
806 1503 961 1588 breuitas,
984 1503 1035 1569 cui
1059 1504 1214 1589 punctum
1237 1506 1298 1588 est,
1321 1505 1361 1570 ad
1373 1505 1416 1573 10

346 1617 407 1662 iios
429 1618 507 1662 uero
537 1595 685 1661 inmensa
709 1593 905 1680 globositas,
932 1593 1146 1682 distinguitur
1169 1593 1250 1661 locis
1274 1594 1362 1660 inter

347 1707 381 1750 se
409 1685 553 1750 uicissim
581 1684 703 1769 pressis
726 1683 897 1748 nimietate
925 1685 977 1749 uel
1004 1683 1138 1770 frigoris
1165 1684 1218 1749 uel
1242 1684 1361 1750 caloris

347 1775 510 1861 geminum
547 1776 643 1839 nacta
678 1772 764 1837 iuter
801 1772 930 1838 diuersa
963 1773 1159 1858 temperiem.
1214 1795 1292 1838 iiam
1328 1772 1413 1839 etll

308 1882 335 1922 io
350 1862 624 1948 septemtrionalis
648 1864 681 1927 et
704 1862 856 1927 australis
879 1862 1068 1927 extremitas
1095 1863 1254 1946 perpetua
1276 1861 1361 1927 obri-

346 1954 486 2037 guerunt
507 1951 637 2037 pruina,
664 1952 698 2016 et
719 1950 754 2015 hi
776 1949 869 2015 uelut
892 1950 956 2017 duo
984 1955 1063 2016 sunt
1083 1950 1220 2037 cinguli,
1243 1950 1361 2036 quibus

346 2044 433 2105 terra
469 2040 652 2124 redimitur,
687 2039 744 2104 sed
781 2039 906 2104 ambitu
939 2041 1055 2104 breues
1088 2040 1181 2124 quasi
1218 2044 1363 2104 extrema
1416 2062 1419 2066 ·

346 2128 522 2212 cingentes.
566 2127 847 2211 horum‘uterque
873 2128 1088 2192 habitationis
1117 2127 1279 2211 inpatiens
1303 2130 1362 2205 est,

346 2215 422 2299 quia
444 2218 559 2298 torpor
580 2215 636 2279 ille
659 2214 807 2299 glacialis
830 2235 890 2278 nec
908 2214 1043 2280 animali
1065 2235 1124 2279 neo
1147 2214 1236 2298 frugi
1259 2214 1362 2279 uitam

307 2320 333 2362 rs
347 2302 524 2385 ministrat,
558 2302 615 2367 illo
649 2301 734 2366 enim
767 2323 840 2366 aere
868 2323 985 2387 corpus
1014 2302 1126 2385 alitur,
1163 2324 1228 2388 qno
1260 2303 1363 2368 herba

345 2391 498 2457 nutritur.
549 2390 684 2456 medius·
700 2391 849 2474 cingulus
877 2393 911 2456 et
938 2391 1010 2456 ideo
1039 2391 1199 2456 maximus
1228 2394 1360 2458 aeterno
1373 2395 1416 2461 12

346 2480 466 2547 adflatu
495 2478 640 2547 continui
667 2479 784 2544 caloris
807 2483 900 2545 ustus
923 2481 1080 2565 spatium,
1112 2481 1199 2567 quod
1230 2484 1265 2546 et
1291 2482 1360 2547 lato

346 2572 380 2635 et
421 2570 544 2636 ambitu
585 2568 743 2655 prolixius
788 2569 973 2656 occupauit,
1013 2569 1182 2636 nimietate
1222 2569 1361 2636 feruoris

346 2659 427 2725 iacit
458 2658 673 2725 inhabitabile
706 2659 850 2725 nicturia.
900 2658 986 2723 inter
1018 2663 1180 2732 extremos
1216 2682 1295 2726 uero
1329 2664 1362 2725 et

307 2768 333 2809 io
347 2749 488 2814 medium
507 2749 570 2814 duo
585 2748 724 2814 maiores
744 2748 878 2834 ultimis,
896 2747 1003 2812 medio
1018 2748 1168 2834 minores,
1187 2771 1226 2814 ex
1242 2748 1361 2815 utrina·

347 2860 409 2925 quc
450 2838 628 2903 uicinitatis
669 2837 860 2922 intemperie
901 2840 1135 2924 temperantur,
1176 2839 1209 2903 in
1245 2838 1361 2925 hisque

347 2929 478 2992 tautum
497 2926 614 2991 uitales
640 2947 735 2991 eures
760 2929 878 2992 natura
897 2925 985 2991 dedit
1007 2927 1123 2993 incolis
1147 2948 1288 3013 carpere.
1327 2933 1360 2993 et
1371 2930 1414 2997 13

348 3016 425 3101 quia
448 3015 555 3081 animo
586 3014 713 3081 laciliue
742 3016 899 3082 inlabitur
925 3018 1082 3100 concepta
1109 3016 1194 3081 ratio
1222 3016 1360 3103 desciip·
1418 3037 1419 3040 ’

347 3106 436 3171 tione
460 3128 557 3192 quain
580 3126 742 3190 sermone,
770 3109 840 3173 esto
863 3105 952 3171 orbis
975 3108 1093 3188 terrae,
1120 3103 1172 3171 cui
1195 3105 1361 3192 adscripta

307 3212 334 3254 ’ὅ
348 3198 424 3260 sunt
448 3193 576 3279 laci),
599 3201 633 3260 et
654 3195 788 3262 circah
812 3193 1085 3263 adscribanturN
1110 3198 1144 3260 et
1166 3192 1202 3279 Ii,
1225 3194 1309 3262 circa
1332 3194 1360 3260 B

347 3288 457 3349 autem
484 3283 519 3349 M
547 3288 581 3349 et
607 3284 638 3349 K
667 3287 701 3350 et
728 3285 813 3352 circa
840 3284 866 3351 Ο
890 3283 919 3350 G
942 3282 1029 3367 etl,
1056 3288 1089 3351 et
1112 3284 1199 3350 circa
1220 3282 1250 3348 D
1274 3285 1303 3350 ll
1327 3289 1361 3350 et

346 3371 386 3457 F,
414 3376 448 3438 et
471 3372 632 3438 ducantur
658 3376 766 3440 rectae
789 3374 895 3439 lineae
919 3372 1065 3458 asignia
1089 3373 1130 3438 ad
1160 3373 1257 3460 signa
1279 3396 1361 3461 quae

347 3461 497 3546 dicimus,
523 3461 556 3527 id
580 3465 630 3527 eet
657 3485 677 3527 a
700 3461 728 3528 G
752 3463 786 3528 in
809 3462 840 3545 I,
862 3462 904 3527 ab
927 3461 963 3527 Μ
986 3462 1020 3526 in
1042 3461 1084 3545 N,
1107 3485 1127 3527 a
1150 3461 1181 3525 K
1203 3463 1238 3527 iii
1261 3461 1297 3548 Ii,
1320 3463 1360 3528 ab
1418 3483 1420 3487 ·

345 3549 375 3615 Il
399 3550 434 3617 iri
456 3550 491 3616 ll.
536 3551 645 3635 spatia
667 3553 767 3638 igitur
789 3551 854 3616 duo
877 3552 1015 3616 aduersa
1037 3551 1109 3635 sibi,
1132 3551 1166 3617 id
1189 3554 1240 3616 est
1263 3553 1415 3618 unuml4

307 3657 368 3704 rea
391 3637 417 3705 0
440 3660 542 3725 neque
565 3638 607 3703 ad
629 3639 748 3705 lineam
772 3639 912 3724 quaein
935 3637 952 3702 Ι
975 3639 1072 3704 ducta
1095 3643 1158 3723 est,
1181 3638 1319 3705 alterum
1343 3664 1363 3727 a

346 3725 377 3791 D
401 3749 502 3813 usque
525 3726 565 3792 ad
585 3728 704 3793 lineam
722 3749 804 3813 quae
827 3727 862 3790 in
885 3726 1027 3791 quota
1044 3730 1105 3811 est,
1127 3728 1362 3813 intellegantur

420 3919 602 3976 lretulimul
616 3920 644 3975 B
698 3925 716 3974 4
752 3937 804 3976 uae
823 3935 842 3974 a
858 3917 941 3973 nobil
956 3934 1010 3973 non
1025 3918 1198 3976 uidenturB
1253 3922 1361 3975 temni

346 3990 427 4060 parte
446 3990 487 4046 sui
506 3991 535 4046 B
605 3991 718 4059 lhscipit
761 3989 931 4061 ‚tsul'prcit
948 3990 1015 4045 add.
1033 3991 1080 4045 Ru
1150 3988 1299 4076 oportum
1321 3986 1360 4044 P'

347 4061 563 4117 'limmeulaB
641 4066 674 4116 11
693 4060 791 4116 hiera
810 4059 846 4114 P'
926 4066 959 4114 12
979 4061 1185 4116 redimitturl'
1275 4059 1361 4116 letB

349 4135 381 4185 18
400 4133 555 4201 impatiens
587 4132 615 4186 B
684 4136 716 4186 17
735 4131 833 4185 afflatu
851 4131 880 4185 B
946 4136 980 4185 ue
998 4130 1127 4186 illabitur
1144 4130 1173 4184 Β
1234 4130 1307 4186 ratio
1326 4145 1361 4185 er

348 4201 532 4273 descriptione
629 4207 663 4256 24
678 4217 762 4270 quam
776 4201 902 4256 sermone
916 4201 1103 4271 descriptione
1117 4201 1146 4255 P
1191 4198 1325 4270 alscnpta
1334 4200 1362 4254 B

348 4273 671 4329 tementel'orffl
725 4289 811 4326 unum
830 4271 928 4328 osuit
983 4275 1016 4326 81
1037 4272 1123 4328 ducta
1139 4271 1272 4328 ductaB
