3322 5190
326 790 391 856 120
443 824 446 831 -
721 788 798 845 ΒΔΤ.
818 787 916 844 LIBRI
936 788 948 842 Ι

326 953 444 1038 quibus
467 952 611 1016 maxime
634 951 667 1015 id
687 950 808 1015 unimnl
826 950 925 1032 ualet,
949 951 1033 1014 siout
1051 950 1102 1014 sol
1120 950 1230 1015 radiis.
1265 974 1342 1014 num

330 1045 364 1106 ei
387 1040 472 1125 apud
496 1038 638 1106 Graecos
661 1038 726 1104 ἀπὸ
748 1046 809 1103 τοῦ
831 1037 915 1123 κάρα
938 1040 1030 1122 nolon
1053 1039 1246 1123 appellatur.

278 1130 323 1196 20
421 1129 587 1194 Taurum
610 1150 687 1193 uero
711 1126 752 1192 sd
771 1127 873 1192 solem
891 1125 1005 1191 referri
1025 1126 1197 1212 multiplici
1217 1127 1343 1193 ratione

328 1218 514 1304 Aegyptius
542 1217 649 1284 nullus
674 1215 829 1301 ostendit,
858 1216 910 1281 uel
934 1215 1010 1301 quia
1033 1215 1118 1301 opud
1142 1215 1344 1301 Heliopolim

326 1311 456 1373 taurum
478 1306 541 1373 soli
559 1309 793 1390 consecratum,
811 1327 906 1390 quem
925 1303 1082 1369 Mneuiu
1100 1305 1344 1390 cognominant,
1370 1330 1383 1369 s

328 1397 468 1462 maxime
492 1396 611 1480 colunt,
634 1396 687 1459 uel
710 1394 787 1478 quio
810 1395 870 1459 bos
889 1391 971 1478 Apis
994 1393 1028 1457 in
1048 1393 1181 1458 ciuiuus
1199 1393 1344 1478 Memphi

329 1485 410 1550 solis
437 1485 542 1550 instar
569 1484 742 1568 excipitur,
770 1483 821 1547 uel
845 1483 922 1568 quia
946 1483 980 1547 in
1004 1482 1122 1566 oppido
1146 1481 1345 1548 Hermunlhi

330 1572 503 1659 magnifico
532 1572 695 1658 Apollinis
725 1571 846 1656 templo
879 1579 1103 1636 consecratum
1138 1571 1199 1636 soli
1231 1572 1346 1637 colunt

327 1667 477 1746 laurum,
514 1659 615 1727 Buoin
652 1659 936 1745 cognominantes,
977 1660 1140 1746 insignem
1178 1660 1344 1725 miraculis

277 1753 318 1816 21
331 1750 598 1816 conuenientibus
630 1753 766 1813 nulurae
799 1748 886 1814 solis.
936 1770 1011 1813 num
1044 1754 1077 1814 et
1109 1770 1165 1832 per
1198 1750 1345 1832 singulus
1360 1772 1385 1809 ιο

331 1839 429 1905 horus
462 1842 589 1903 mutare
618 1839 742 1903 colores
771 1836 978 1922 adfirmatur,
1011 1843 1045 1902 el
1071 1837 1216 1902 hirsutus
1245 1839 1345 1904 suetis

331 1927 450 1992 dieitur
464 1926 498 1991 iu
510 1926 680 1991 aduersum
695 1925 901 1991 nascentibus
911 1931 1024 1991 contra
1036 1930 1189 1991 naturam
1200 1927 1346 1991 omnium

333 2014 531 2081 animalium.
569 2014 652 2079 unde
676 2013 814 2079 hebetur
838 2013 929 2078 uelut
950 2014 1058 2100 imago
1077 2015 1157 2081 solis
1180 2015 1213 2079 iu
1231 2014 1347 2080 aduer-

332 2126 401 2171 sam
426 2104 535 2169 mundi
559 2108 684 2188 purtem
709 2103 852 2168 nitentis.

277 2194 321 2259 22
420 2191 569 2258 Gemini
607 2195 735 2273 aulem,
777 2191 832 2277 qui
869 2191 1002 2257 alternis
1040 2193 1200 2258 mortibus
1237 2194 1348 2258 uiuere
1363 2214 1387 2255 n

331 2280 524 2363 ereduntur,
555 2279 631 2363 quid
665 2279 752 2343 uliud
784 2279 848 2344 nisi
881 2279 983 2344 solem
1016 2302 1116 2344 unum
1149 2281 1348 2366 eundemque

332 2369 519 2520 signipieuslt
548 2366 643 2431 modo
672 2366 918 2519 despppdpnlem
947 2368 980 2431 iu
1008 2368 1074 2431 ims
1094 2368 1223 2520 ppmpli,
1250 2369 1348 2432 mollo

331 2478 407 2521 mun
433 2479 442 2519 ι
466 2477 500 2519 m
524 2477 684 2520 summum
708 2477 728 2519 u
756 2476 804 2518 1u
827 2476 913 2518 mem
935 2475 1092 2538 resurges
1127 2477 1159 2519 m

278 2544 322 2609 23
423 2541 572 2609 (lunser
595 2543 728 2626 obliquo
752 2563 865 2626 gressu
889 2541 965 2626 quid
989 2542 1075 2608 uliud
1099 2543 1164 2607 nisi
1188 2543 1250 2607 iler
1269 2544 1349 2607 solis

332 2629 489 2715 ostendit,
521 2632 575 2714 qui
607 2632 695 2694 uiam
727 2651 905 2713 numquam
932 2635 1056 2696 reolum
1084 2629 1141 2694 sed
1168 2652 1225 2714 per
1256 2631 1347 2695 illum
1363 2649 1390 2689 ευ

332 2740 460 2802 semper
483 2739 591 2782 meere
614 2717 748 2781 sortitus
772 2722 830 2798 est,

457 2841 608 2926 obliquus
631 2863 695 2925 qua
719 2861 753 2904 se
777 2840 945 2924 signorum
968 2845 1110 2906 uerteret
1133 2843 1222 2926 ordo,

333 2966 535 3051 maximeque
564 2965 599 3028 iu
626 2964 681 3027 illo
710 2964 805 3047 signo
834 2965 882 3028 sol
912 2987 932 3028 u
958 2986 1054 3029 eursu
1087 2987 1203 3050 supero
1232 2967 1348 3050 incipit

333 3054 484 3138 obliquus
513 3053 668 3117 inferiore
696 3052 761 3117 ium
790 3057 907 3136 petere.
953 3051 1002 3118 Do
1025 3053 1133 3119 Leone
1160 3055 1225 3118 ium
1249 3076 1349 3140 supra

334 3144 454 3209 dictum
477 3147 534 3206 est.
1362 3173 1389 3213 πε

281 3231 325 3295 24
425 3229 546 3315 Virgo
575 3235 696 3312 alitem,
725 3251 807 3312 quae
838 3252 936 3295 manu
964 3230 1098 3295 aristam
1127 3231 1238 3315 relerl,
1270 3233 1347 3316 quid

335 3320 425 3387 uliud
449 3342 544 3406 quum
570 3319 709 3404 δύναμις
727 3316 855 3405 plsami,
878 3342 959 3406 quoe
982 3320 1140 3386 fructibus
1164 3322 1279 3387 curat?
1315 3328 1349 3387 el

334 3410 406 3477 ideo
444 3409 608 3476 lueliliu
644 3409 800 3496 creditur,
836 3433 917 3496 qnae
955 3411 1025 3478 solu
1064 3409 1141 3478 lucil
1178 3416 1348 3478 noscentes

335 3501 459 3566 fruetus
484 3501 524 3565 ud
547 3522 624 3565 usus
648 3500 815 3566 homiuum
840 3502 1015 3585 peruenire.

335 3632 548 3644 ’,ιη-...ωψ-

407 3734 441 3782 22
461 3728 545 3796 Verg.
565 3727 666 3798 Georg.
687 3728 768 3784 12⁸9

407 3946 422 3993 ὁ
442 3939 558 3992 Muenin
576 3940 721 3996 Sollicitus:
740 3923 860 3995 nullon
883 3942 915 4009 P,
934 3944 1039 3996 nenton
1057 3941 1085 3994 Β
1140 3947 1155 3994 6
1171 3957 1244 3996 mem
1266 3941 1310 3995 h1l
1325 3944 1352 3994 P

335 4010 446 4065 9buon
464 4009 501 4079 Β,
521 4012 650 4065 ΒΛΕΙΝΙ)
721 4016 751 4064 11
773 4011 856 4064 horel
870 4015 986 4067 nulurue
1004 4007 1039 4064 B'
1104 4010 1205 4066 ursulus
1219 4011 1247 4065 P
1315 4018 1347 4064 13

334 4081 425 4134 ueluls
444 4096 546 4149 magno
562 4082 567 4150 Ι
583 4080 649 4135 lohl
664 4099 693 4134 su
712 4080 849 4135 umerum
869 4082 897 4134 P
975 4088 1009 4135 2ο
1028 4087 1189 4151 nonumque
1209 4082 1237 4135 B
1314 4087 1347 4135 21

333 4167 461 4206 mereare
481 4148 516 4204 Β
571 4157 605 4205 24
624 4151 705 4220 supro
724 4166 779 4205 lam
801 4151 828 4204 P
880 4157 912 4205 27
933 4153 1074 4207 ΔΙΝΑΜΙ(
1092 4152 1120 4205 Β
1176 4153 1299 4207 ΗΔΙΑΚΗ
1323 4153 1350 4205 Ρ
