3442 5190
748 855 825 910 XVII
844 862 950 911 60-67
1292 855 1354 921 101

343 1014 565 1082 Goanrrumvs
596 1017 631 1081 in
663 1016 798 1082 Ermus
830 1017 952 1082 retulit
1006 1016 1093 1082 ideo
1130 1019 1256 1082 autem
1294 1015 1410 1081 his63

343 1105 488 1170 duobus
529 1104 654 1190 siguis
696 1126 792 1190 quae
833 1107 969 1189 portes
1012 1104 1111 1169 solis
1152 1107 1357 1188 uocantur,

343 1191 487 1259 Cancro
503 1191 800 1278 etCepricorno,
812 1193 907 1259 haec
921 1192 1079 1259 nomina
1093 1194 1357 1279 contigerunt,

344 1281 439 1366 quod
458 1279 603 1347 Cancer
626 1281 769 1346 animal
792 1284 897 1348 retro
921 1285 1036 1367 etque
1060 1281 1215 1366 oblique
1239 1281 1357 1367 cedit,

321 1370 549 1456 aeademqua
580 1371 733 1437 ratione
766 1372 823 1436 sol
856 1371 894 1436 in
927 1393 970 1437 eo
1003 1371 1116 1458 signo
1144 1371 1356 1456 obliquum,

343 1463 383 1525 ut
413 1461 527 1544 solet,
560 1459 701 1544 incipit
733 1480 847 1545 cgere
880 1464 1180 1546 retrogressum,
1216 1481 1356 1546 caprea

343 1571 431 1616 uero
469 1549 706 1616 consuetudo
742 1551 836 1617 haec
872 1550 911 1615 in
947 1553 1063 1636 pastu
1101 1549 1274 1634 uidetur,
1315 1555 1357 1615 ut

344 1660 491 1725 semper
522 1639 641 1705 altum
674 1639 866 1725 pascendo
899 1643 1021 1724 petat,
1058 1639 1124 1705 sed
1155 1643 1193 1705 et
1226 1639 1283 1706 sol
1316 1639 1357 1704 in

344 1727 579 1814 Capricorno
602 1729 747 1814 incipit
770 1731 815 1796 ab
839 1729 926 1796 imis
949 1729 988 1794 in
1012 1728 1093 1795 alta
1115 1750 1294 1795 remeare.

308 1848 332 1886 ιι
426 1818 617 1886 Ἀπόλλωνα
655 1821 847 1906 Διδυμαῖον
888 1823 1026 1906 uocant,
1067 1819 1153 1905 quod
1195 1819 1356 1907 geminem
1368 1815 1412 1883 64

344 1910 482 1997 speciem
514 1911 566 1976 sui
597 1911 740 1976 numinis
771 1911 916 1997 praefert
943 1912 1014 1996 ipsa
1042 1910 1266 1976 inluminando
1294 1909 1357 1976 lor-

343 2000 522 2086 mandoque
539 2001 662 2066 lunam.
699 2003 837 2067 etenim
856 2023 896 2067 ex
917 2023 983 2067 uno
1008 2000 1098 2066 lente
1122 2000 1204 2066 lucis
1227 2000 1358 2086 gemino

344 2089 446 2154 sidere
478 2090 587 2174 spatia
617 2089 682 2155 diei
715 2093 749 2154 et
780 2093 885 2155 noctis
917 2091 1081 2174 inlustrat,
1111 2091 1195 2155 unde
1227 2092 1262 2154 et
1293 2088 1356 2154 lto-

344 2179 430 2241 mani
459 2178 562 2242 solem
591 2179 651 2242 sub
679 2179 810 2242 nomine
839 2183 873 2242 et
904 2178 1010 2261 specie
1042 2177 1126 2241 Iani
1154 2176 1357 2259 Didymaei

306 2289 331 2328 ιι
346 2264 540 2348 Apollinis
565 2265 784 2349 appellatione
808 2267 1011 2329 uenerantur.

427 2351 618 2417 Ἀπόλλωνα
646 2349 797 2435 Δέλφιοιι
830 2356 960 2436 uocant,
993 2352 1079 2436 quod
1109 2373 1192 2435 quae
1219 2352 1357 2416 obscure
1367 2349 1411 2414 65

345 2445 420 2505 sunt
447 2440 640 2506 claritudine
671 2441 753 2507 lueis
776 2440 921 2505 ostendit
944 2439 980 2505 ἐκ
1002 2448 1062 2504 τοῦ
1085 2440 1211 2524 δηλοῦν
1235 2439 1357 2525 ἀφανῆ,

345 2528 650 2615 aut,nthrmu10
670 2530 786 2615 placet,
809 2530 919 2616 quasi
942 2550 1054 2593 unum
1074 2531 1112 2593 et
1130 2529 1263 2595 solum.
1302 2531 1358 2595 ait

345 2619 444 2682 enim
483 2618 610 2704 prisea
642 2617 876 2684 Graecorum
912 2618 1049 2703 lingua
1082 2614 1207 2700 δέλφον
1244 2639 1358 2683 ιιιιιιιιι

308 2707 465 2772 reuocari.
525 2706 622 2771 unde
658 2711 697 2771 at
732 2707 855 2771 frater
890 2706 997 2791 inquit
1033 2704 1177 2790 ἀδελφός
1213 2705 1359 2772 dicitur

346 2796 458 2880 quasi
486 2795 560 2859 iam
588 2816 663 2859 non
686 2817 790 2860 unus.
835 2794 1078 2880 Hieropolitsni
1101 2796 1280 2880 praeterea,
1303 2793 1411 2880 quiue

346 2888 422 2947 sunt
454 2883 560 2969 gentis
588 2879 809 2967 Assyriorum,
842 2905 954 2949 omnes
987 2883 1065 2948 solis
1098 2883 1231 2948 effectus
1260 2885 1358 2968 atque

345 2971 483 3036 uirtutes
506 2972 546 3036 ud
575 2973 670 3036 unius
693 2972 856 3037 simulacri
880 2972 1010 3038 barbati
1033 2971 1174 3056 speciem
1197 2971 1358 3057 redigunt,

346 3081 482 3144 euntque
506 3059 692 3145 Apollinem
716 3063 892 3146 appellant.
933 3060 1027 3125 huius
1051 3061 1150 3125 l'aoies
1175 3060 1302 3145 prolixa
1324 3059 1357 3124 in
1368 3057 1410 3122 67

311 3153 476 3214 secuntum
518 3150 622 3215 barba
663 3150 803 3234 figurula
843 3154 893 3216 est
928 3149 1092 3216 eminente
1128 3170 1226 3234 super
1261 3153 1361 3235 caput

345 3237 482 3305 calatho.
533 3240 740 3306 simulacrum
772 3241 905 3307 thorace
939 3240 1099 3305 munitum
1132 3243 1195 3322 est,
1228 3238 1361 3304 dextera

346 3331 484 3395 erectam
512 3331 602 3393 tenet
633 3330 762 3394 hastam
792 3332 997 3414 superstante
1025 3328 1190 3393 Victoriae
1223 3328 1360 3413 paruulo

347 3417 455 3502 signo,
482 3417 617 3483 sinistra
644 3417 732 3483 floris
756 3419 896 3504 porrigit
918 3418 1069 3502 speciem,
1097 3417 1295 3501 summisque
1318 3417 1360 3481 ab

348 3508 466 3572 umeris
493 3506 703 3594 Gorgoneum
736 3509 954 3573 uelamentum
984 3505 1170 3570 redimitum
1199 3506 1361 3593 anguibus

419 3776 432 3824 l
453 3771 534 3842 hus(

349 3845 381 3895 ιο
399 3843 518 3897 anon
534 3772 602 3897 td
639 3772 1059 3899 ”mltltltltl‘tl‘l
1073 3768 1363 3897 daminii⁰ls⁰³¹¹1¹i

346 3908 413 3966 luen
431 3912 468 3967 Β
526 3917 558 3967 18
578 3914 721 3968 rllustraut
739 3915 768 3969 P
821 3918 853 3969 14
872 3931 984 3970 nomana
1000 3920 1111 3985 promer
1129 3929 1144 3968 a
1164 3915 1196 3968 ιἰι
1213 3928 1268 3968 rae.
1288 3913 1319 3966 ιἰι
1336 3912 1366 3966 Ρ

349 3987 380 4036 17
400 3984 523 4039 ΔΗΛΟΥ
541 3985 602 4040 ΒΡ
652 3986 765 4040 ΑΦΑΝΕ
784 3985 812 4039 Β
867 3991 900 4038 18
920 4002 1033 4040 numero
1054 3984 1089 4039 Β
1144 3984 1361 4038 ΒΟΔΕΛΦΦΟΝ

348 4055 454 4109 utuid.
474 4051 520 4123 Ρ,
539 4055 739 4111 oseaeuna
794 4061 825 4109 21
847 4055 1021 4111 rdnnouul
1036 4056 1064 4110 P
1116 4053 1365 4108 aasnrnommP

348 4128 381 4178 26
400 4123 615 4180 simulaschrum
636 4126 664 4180 P
732 4129 827 4181 torace
849 4124 917 4180 P'B
979 4128 1220 4200 dextrplrectam
1242 4125 1276 4192 P,
1296 4123 1362 4178 dex·

348 4214 550 4288 tertsrectum
569 4234 597 4287 B
651 4240 685 4289 ²9
704 4233 828 4289 humens
839 4234 888 4304 (P)
