3442 5190
347 817 393 883 20
701 829 707 844 ·
745 813 821 871 suc.
840 813 940 870 nucu
957 813 970 869 1

349 977 446 1056 solet,
473 980 507 1042 et
534 977 568 1041 in
591 993 705 1042 snxuu
728 994 766 1041 in
789 976 980 1042 Annonivu
1013 977 1080 1061 qui
1117 998 1296 1061 umquam
1326 977 1364 1041 in

349 1066 420 1131 illo
449 1062 545 1129 Iano
578 1066 762 1130 iuuentus
794 1068 854 1129 est
890 1065 954 1149 qni
984 1063 1019 1131 L.
1052 1064 1224 1130 Antonio
1257 1066 1363 1130 mille

349 1174 539 1218 nummum
566 1152 688 1218 ferret
710 1154 936 1238 expensum?
965 1153 1043 1218 licet
1064 1151 1190 1218 Venno
1223 1175 1365 1237 quoquc,

349 1240 493 1306 eiusdem
508 1241 628 1307 saeculi
642 1241 752 1326 bomo,
770 1241 805 1305 in
819 1258 970 1307 suenum
988 1258 1121 1307 nuciuo
1135 1239 1365 1306 Hvuincnvn

349 1329 468 1394 dixerit
486 1330 572 1412 plus
591 1329 700 1394 mille
723 1333 762 1393 ct
780 1333 931 1394 centum
951 1351 1136 1394 annornm
1159 1336 1231 1413 est,
1254 1334 1365 1394 tamen
1392 1353 1405 1392 n

350 1418 503 1483 fiduciam
530 1418 578 1483 sic
605 1417 820 1503 componendi
848 1439 914 1483 nou
941 1418 1004 1483 nisi
1033 1440 1072 1483 cx
1104 1417 1364 1483 antecedentium

320 1507 547 1572 6cuctorihstc
571 1510 786 1591 sumpserunt
831 1527 908 1570 num
932 1504 1199 1582 stnumsluvs
1226 1507 1261 1570 in
1283 1523 1365 1570 'rus-

351 1611 409 1660 u10
433 1612 617 1660 Anufflvu
641 1596 688 1659 itu
715 1594 848 1679 scripsit
870 1594 925 1659 ibi
954 1595 1145 1661 occiditur
1168 1593 1276 1658 mille
1300 1595 1364 1659 ho-

351 1684 493 1749 minum
516 1690 550 1748 et
573 1682 740 1750 ch1n1vs
764 1685 797 1748 in
820 1685 917 1747 tertio
941 1682 1144 1749 Suninuuvu

441 1815 482 1881 sd
505 1819 637 1901 portum
661 1816 748 1881 mille
772 1838 792 1880 c
815 1820 910 1898 poris
932 1820 990 1900 est,
1014 1837 1070 1880 sex
1093 1814 1168 1880 inde
1187 1812 1365 1879 Salernum.
1380 1829 1407 1868 1⁰

322 1948 432 2014 ‘Iulibi
459 1969 536 2014 uero
570 1948 669 2013 etiem
696 1946 944 2011 declinationem
978 1948 1075 2011 huius
1104 1946 1247 2011 nominis
1276 1968 1366 2012 exse-

353 2040 447 2102 cutus
470 2040 529 2102 esc
573 2058 650 2100 nem
673 2035 708 2098 in
730 2051 836 2100 muno
861 2052 992 2111 evinco
1011 2051 1145 2099 nncmo
1168 2035 1216 2098 its
1239 2034 1319 2099 dicit

442 2166 529 2231 hunc
552 2166 638 2230 milli
661 2186 794 2250 passum
817 2166 873 2250 qui
896 2166 1011 2230 uicerit
1035 2170 1133 2249 etque
1157 2164 1282 2231 duobus

443 2253 629 2338 Campanus
652 2255 782 2337 sonipes
806 2275 977 2318 succussor
999 2254 1107 2319 nullus
1130 2260 1282 2340 sequetur

442 2343 565 2407 meiere
589 2342 697 2426 spatio
721 2363 758 2405 uc
781 2342 927 2406 diuersus
950 2341 1115 2406 uidebitur
1138 2341 1193 2406 ire.
1382 2363 1407 2405 is

354 2465 432 2530 item
455 2465 489 2530 in
512 2481 618 2530 cluso
637 2481 734 2530 nouo

445 2601 483 2664 iu
506 2598 590 2663 milli
614 2619 783 2663 nummum
806 2601 901 2682 potes
924 2619 988 2662 uno
1012 2618 1167 2680 quaerere
1191 2603 1329 2666 centnm.

327 2733 457 2810 8milli
480 2754 637 2818 pessum
669 2731 751 2796 dixit
778 2753 837 2816 pro
867 2730 975 2797 mille
1002 2733 1183 2817 passibus
1212 2737 1246 2798 ct
1272 2735 1370 2799 milli

357 2845 547 2890 nummum
579 2844 638 2906 pro
679 2821 786 2887 mille
818 2822 981 2887 nummis
1019 2826 1194 2910 specieque
1231 2823 1372 2890 ostendit

357 2914 466 2979 mille
497 2918 530 2977 ct
562 2912 756 2977 uocabulum
785 2934 855 2977 esse
883 2916 917 2977 et
949 2912 1109 2997 singulari
1141 2935 1277 2981 numero
1307 2915 1409 2981 diciec

358 3006 392 3067 ei
415 3022 528 3068 cesum
551 3002 649 3065 eiiam
669 3022 783 3084 cepere
802 3001 993 3085 ablatiuum,
1018 3002 1149 3086 eiusque
1172 3002 1371 3087 pluraiinum

327 3100 431 3163 {iesse
462 3089 579 3153 milis
627 3089 734 3153 mille
766 3090 852 3153 euim
884 3111 951 3155 uon
983 3110 1022 3153 ex
1055 3110 1093 3153 en
1126 3092 1257 3172 ponitur
1288 3093 1372 3176 quod

359 3176 482 3242 Graece
503 3179 593 3259 χίλια
615 3177 779 3260 dicuntur,
807 3175 863 3241 sed
886 3177 971 3263 quod
998 3178 1107 3259 χιλιάς
1135 3182 1168 3241 et
1196 3181 1281 3244 sicui
1307 3202 1373 3245 unc

358 3264 466 3348 χιλιάς
499 3270 532 3327 ct
566 3263 647 3328 dnus
678 3264 839 3348 χιλιάδες,
871 3265 919 3328 itu
947 3285 1063 3329 unum
1095 3265 1203 3330 mille
1237 3271 1271 3331 et
1301 3268 1373 3332 duo

308 3359 351 3424 10
362 3352 470 3417 milis
488 3356 614 3415 ueteres
633 3355 722 3416 ceris
741 3356 839 3437 etque
857 3351 979 3417 directa
997 3353 1124 3418 ratione
1143 3352 1301 3420 dicebant.
1340 3362 1373 3419 ct
1386 3374 1411 3414 sn

359 3440 440 3506 heus
463 3444 499 3505 in
521 3439 616 3505 hisne
639 3444 707 3505 tum
730 3440 834 3505 doctis
858 3441 950 3526 uiris,
978 3461 1115 3525 quorum
1137 3439 1182 3507 M.
1206 3439 1317 3507 Cicero
1341 3448 1374 3508 et

433 3638 526 3697 151⁶
565 3638 598 3687 ιο
615 3630 655 3685 111
669 3631 780 3687 senua.
790 3631 919 3688 uuallon
934 3636 967 3686 n
1005 3636 1039 3688 n
1053 3630 1105 3688 xv
1116 3639 1149 3688 ιι
1163 3631 1229 3690 uus.
1244 3592 1390 3690 uuonan

362 3707 396 3757 1‘1
414 3701 493 3758 VIIII
512 3707 547 3757 66
565 3701 631 3758 Luc.
650 3702 780 3758 Muelleri

432 3884 534 3932 2ncuu
552 3881 581 3934 P
631 3880 706 3934 lucio
727 3880 786 3936 Pb:
807 3880 923 3936 locioB
977 3881 1210 3950 ssetyrnrnt
1265 3888 1297 3937 10
1312 3901 1374 3953 poi·-

361 3950 423 4002 tum
443 3949 553 4004 Carrio:
572 3952 684 4019 portem
700 3951 761 4005 BP
850 3959 880 4005 ll
902 3951 1066 4019 exsequutus
1081 3953 1110 4007 P
1198 3959 1231 4006 lc
1250 3953 1328 4007 nulls
1347 3955 1375 4007 B

363 4025 397 4074 14
416 4035 563 4075 succussor
581 4020 724 4077 Bcctlcius
741 4038 809 4077 mue
829 4021 916 4079 Riccu.
936 4027 1015 4092 1881,
1039 4027 1110 4079 326:
1128 4025 1276 4079 subcursor
1294 4025 1377 4094 (BP)

360 4090 456 4146 nullos
470 4090 499 4145 B
572 4091 797 4163 ispaffibur-
820 4091 1066 4149 lenunculi
1136 4101 1170 4149 21
1210 4093 1329 4150 lurslem
1348 4096 1375 4150 B

361 4166 397 4216 28
416 4161 503 4217 chilie
519 4162 581 4218 BP
642 4161 745 4219 chilias
759 4164 822 4219 BP
882 4171 917 4220 24
935 4164 1037 4220 chilias
1093 4166 1139 4222 chi
1198 4166 1230 4221 cs
1242 4167 1307 4222 BP
