3322 5190
304 832 374 901 894
700 830 779 895 ΕΔΤ.
792 831 892 891 unm
906 832 946 891 Vl

349 992 488 1063 oneres
524 994 721 1063 sueeiuotom
757 996 954 1065 latrantibus
989 996 1125 1084 inguina
1160 994 1317 1063 monstris

349 1080 520 1151 Duliohisa
542 1104 678 1151 uexasse
699 1088 803 1175 rates3

305 1228 466 1275 uexasae
493 1208 581 1275 enirn
605 1208 742 1277 uerbum
764 1212 816 1277 eat
836 1210 919 1277 leuis
942 1232 981 1277 so
1002 1210 1097 1295 parui
1120 1208 1317 1277 incommodi

305 1317 365 1363 nee
386 1299 456 1363 tom
478 1296 581 1364 atroei
604 1298 695 1365 osani
712 1319 904 1385 oongrneus,
926 1321 998 1366 eum
1016 1301 1148 1384 repente
1166 1297 1315 1365 homines

274 1386 327 1453 lla
343 1384 441 1451 belua
457 1385 697 1453 immanissimo
708 1408 745 1455 rs
770 1388 796 1454 ti
809 1387 990 1475 lenietique
1004 1389 1079 1455 sint
1111 1387 1168 1454 sed
1181 1390 1215 1453 et
1227 1384 1316 1453 uliud
1340 1404 1356 1449 s

306 1472 441 1541 huiusce
463 1471 553 1541 medi
574 1408 773 1561 deprehenli

433 1684 441 1701 1
519 1596 593 1751 quis
615 1600 674 1665 aut
692 1596 881 1704 llurysthea
899 1598 1015 1665 durum

350 1689 410 1753 sut
430 1685 521 1753 rulau
543 1688 591 1753 atr
613 1692 719 1753 uesort
738 1684 900 1754 Busnudrs
922 1687 1018 1753 uros?

307 1806 370 1873 hoe
401 1808 488 1874 euim
520 1808 656 1874 uerbum
687 1807 880 1875 inlaudati
912 1830 978 1874 nou
1009 1812 1062 1874 est
1092 1806 1242 1873 idoneum
1273 1806 1316 1873 erl

308 1894 548 1979 exprimendam
568 1894 809 1961 aeelsrstissimi
826 1894 970 1961 hominis
983 1894 1241 1975 detestationem,
1258 1896 1315 1981 qui
1330 1916 1358 1959 ru

309 1980 396 2067 quod
417 1980 568 2049 homines
591 1983 736 2049 omnium
758 1982 905 2069 geutim
922 1983 1091 2048 immolare
1109 1981 1225 2047 solitus
1242 1982 1316 2067 fuit,

308 2088 375 2136 non
405 2068 500 2137 laude
526 2067 682 2159 indiguus
708 2070 764 2137 sed
792 2070 1006 2138 detestatione
1032 2070 1316 2157 exsecrationeque

276 2158 409 2233 litotius
427 2158 561 2227 liumani
621 2162 706 2229 ueris
724 2160 841 2250 dignus
859 2164 918 2227 out
954 2158 1010 2229 sert
1028 2180 1088 2227 uee
1103 2158 1167 2227 lroo
1179 2158 1315 2228 uerbum

308 2270 348 2315 er
370 2248 541 2337 diligentia
595 2249 754 2337 ergiliana
771 2249 882 2317 uenire
903 2249 985 2316 milri
1006 2249 1136 2315 uidetur

466 2392 525 2459 per
545 2372 690 2441 tunicam
712 2373 915 2461 squalentem
938 2393 1027 2439 auro.
1330 2392 1358 2437 sa

306 2515 374 2561 nou
390 2494 477 2563 euim
495 2498 652 2563 conuenit
667 2496 773 2563 ‹lioere
791 2518 883 2563 auro
902 2494 1145 2581 squalentem
1163 2496 1316 2579 quonism

307 2582 408 2673 nitori
425 2582 652 2671 splendorique
666 2583 737 2652 auri
750 2584 913 2652 eontraria
925 2584 970 2651 sit
983 2583 1144 2670 squaloris
1158 2582 1317 2650 inluuiee?

278 2678 297 2744 'l
395 2670 442 2738 llt
471 2668 603 2739 Seruius
640 2670 693 2740 ‘de
727 2672 828 2739 uerbo
860 2694 1022 2738 ueraeee
1053 2672 1100 2737 ite
1130 2672 1318 2757 responderi

308 2782 405 2847 posse
428 2761 578 2865 asbiuor.
614 2784 749 2829 ueroeae
773 2761 1025 2865 graueue1·l›um
1045 2764 1317 2866 esttreoturnqqe

309 2850 754 3025 {letl‘lltt‘llttl
768 2851 1166 3023 lzltnlzetstll
1183 2872 1248 3021 2:2²
1262 2873 1317 3025 lt
1330 2873 1358 2912 ²⁰

309 3026 447 3093 uehitur.
492 3048 631 3093 uexere
659 3033 781 3107 autern,
811 3028 897 3113 quod
921 3049 959 3093 er
982 3049 1020 3092 oo
1044 3027 1235 3093 inclinatum
1259 3034 1318 3109 est,

279 3115 342 3185 eui
373 3120 471 3200 atque
498 3119 589 3181 motu
616 3118 729 3200 procul
757 3116 854 3181 dubio
881 3117 1024 3181 rrestiore
1052 3119 1111 3181 est
1160 3137 1235 3180 nam
1263 3117 1318 3199 qui

311 3202 414 3268 fertur
442 3207 476 3268 et
501 3207 649 3288 raptatur
677 3208 774 3290 atque
801 3204 865 3270 hue
892 3207 926 3269 et
951 3204 1029 3269 illue
1056 3203 1260 3288 distrahitur,
1290 3203 1318 3268 is

311 3291 423 3357 uexari
441 3292 570 3377 proprie
589 3292 714 3377 dieitur,
736 3293 832 3358 sicuti
850 3296 983 3358 terere
1001 3293 1145 3375 pressius
1163 3292 1317 3356 erebrius·
1332 3312 1359 3353 ss

312 3400 374 3463 que
402 3384 454 3445 eat
480 3403 578 3465 quern
605 3385 776 3467 tangere,
804 3379 888 3446 unde
913 3381 945 3446 id
969 3380 1082 3466 procul
1106 3381 1205 3445 dubio
1228 3379 1318 3445 ineli-

313 3471 426 3534 uatum
459 3473 523 3555 est,
555 3472 588 3535 et
616 3470 764 3537 iaotere
791 3469 896 3536 multo
925 3468 1030 3535 fusius
1058 3468 1243 3554 largiusque
1269 3475 1321 3534 est

313 3579 409 3641 quam
425 3557 565 3642 iuuere,
578 3559 664 3623 unde
678 3560 710 3625 id
720 3558 856 3625 uerbum
867 3558 1049 3623 traductum
1061 3563 1120 3643 est,
1134 3579 1319 3642 quassare

281 3645 410 3715 9eliam
439 3669 536 3733 quam
560 3651 718 3732 quatere
742 3648 875 3734 grauius
898 3648 1136 3731 uiolentiusque
1159 3651 1217 3712 est.
1253 3669 1320 3712 uon

312 3732 420 3819 igitur,
443 3735 519 3821 quie
541 3735 642 3822 uulgo
661 3737 724 3802 diei
743 3738 828 3803 solet
845 3741 998 3801 uexatum
1017 3757 1096 3820 esse,
1116 3756 1210 3821 quem
1229 3734 1318 3800 furno
1333 3758 1360 3800 so

310 3826 368 3888 aut
385 3834 483 3889 uento
502 3827 561 3890 aut
578 3826 721 3911 puluere,
743 3828 916 3911 propterea
939 3825 1035 3890 debet
1058 3824 1107 3889 nis
1127 3828 1320 3909 noruntque

309 3947 523 3959 ——u—-—

383 4020 396 4068 1
417 4013 506 4084 eclog.
525 4014 562 4070 vl
581 4022 615 4071 'lo
670 4021 685 4071 7
705 4017 807 4088 Georg.
826 4016 900 4073 1114
957 4023 990 4071 15
1008 4021 1076 4073 Aoo.
1098 4016 1120 4070 ll
1140 4022 1192 4071 ull

383 4196 398 4247 'l
417 4190 556 4255 eunnnea
576 4193 604 4247 P
656 4197 691 4249 80
709 4193 767 4248 dior
784 4199 816 4250 ot
833 4195 892 4251 uid.
910 4210 980 4250 corr.
999 4194 1030 4250 io
1049 4193 1153 4249 dieitur
1170 4193 1201 4250 in
1220 4192 1248 4247 P
