3322 5190
625 893 677 950 XX
695 900 801 951 80-82
828 894 893 952 ul
912 901 982 954 1-4
1244 898 1307 965 571

295 1061 507 1144 recesserunt,
530 1079 617 1125 nunc
640 1058 856 1145 quaerendum
881 1064 940 1148 est,
963 1084 1036 1129 cum
1056 1060 1207 1130 zodiacus
1226 1085 1310 1131 unas

295 1150 352 1231 sit,
383 1152 417 1216 et
446 1149 475 1214 is
506 1151 636 1215 constet
667 1148 756 1216 caclo
789 1149 951 1216 sideribus
982 1152 1104 1237 infixis,
1139 1172 1236 1239 quem
1268 1152 1309 1220 nd

295 1239 426 1304 modum
458 1236 649 1303 inferiorum
678 1238 890 1324 sphaerarum
918 1241 1033 1307 stellas
1061 1242 1096 1306 in
1124 1241 1227 1328 siguis
1256 1264 1310 1309 zc-

296 1328 380 1394 diaci
403 1348 509 1392 meare
531 1325 689 1392 dicantur.
725 1349 785 1394 nac
809 1326 943 1415 longum
966 1333 1017 1394 est
1039 1329 1186 1396 inuenire
1209 1331 1309 1398 ratic·

269 1431 387 1502 cnam,
425 1438 509 1501 qnae
545 1416 581 1481 in
616 1415 689 1500 ipso
724 1416 889 1483 uestibulo
927 1419 1066 1485 excubat
1100 1419 1308 1504 quaestionis.

293 1528 405 1571 uerum
424 1509 475 1571 est
496 1505 591 1588 enim,
614 1526 718 1591 neque
737 1506 838 1572 solem
857 1506 1009 1573 tunamue
1027 1529 1133 1593 nsque
1155 1508 1194 1574 ds
1212 1508 1338 1594 uagisz
1367 1539 1370 1546 ·

293 1596 393 1660 ullam
419 1594 467 1659 ita
489 1595 524 1659 in
551 1594 654 1679 signis
683 1594 805 1661 zodiaci
828 1596 920 1680 terri,
950 1599 988 1662 ut
1010 1617 1123 1662 eorum
1145 1596 1308 1664 sideribus

293 1683 501 1766 misceantur,
529 1680 585 1746 sed
612 1682 647 1747 in
675 1681 733 1748 ilio
757 1684 852 1769 signo
881 1705 952 1750 csse
976 1705 1041 1750 una
1064 1704 1211 1771 quaeque
1234 1708 1308 1771 per-

292 1772 436 1856 hibetur,
468 1769 554 1856 qnod
585 1769 738 1836 habuerit
764 1794 861 1857 super
893 1773 1048 1838 uerticem
1081 1773 1115 1839 in
1144 1795 1196 1854 ea,
1224 1796 1307 1861 quac

252 1877 279 1918 ιο
293 1861 343 1927 illi
371 1860 518 1928 subiecta
545 1862 608 1938 cst,
636 1860 747 1925 circuli
776 1859 826 1926 sni
849 1862 982 1946 regione
1006 1861 1201 1948 discurrens,
1231 1862 1309 1946 qnia

292 1950 494 2036 singularum
527 1947 739 2032 sphaerarum
766 1949 906 2016 circulos
934 1950 968 2015 in
999 1948 1168 2016 duodecim
1197 1953 1307 2035 partes

291 2061 392 2125 acque
407 2042 444 2103 ut
461 2035 629 2103 zodiacum
648 2038 732 2102 ratic
752 2036 873 2121 diuisit,
893 2042 926 2102 st
943 2060 1026 2123 quae
1040 2038 1074 2102 in
1093 2042 1307 2124 campartem

290 2127 402 2193 circuli
426 2126 476 2192 sui
500 2127 636 2210 uenerit,
665 2147 748 2210 quae
776 2125 837 2191 snb
860 2129 954 2211 parte
982 2125 1105 2192 zodiaci
1129 2130 1180 2193 cst
1201 2122 1308 2194 Aristi

290 2218 453 2302 deputata,
470 2214 504 2281 in
522 2213 629 2300 ipsum
649 2215 795 2280 Ariciam
813 2217 942 2281 uenisse
962 2215 1156 2301 conceditur,
1175 2216 1307 2283 similis·

252 2320 279 2361 ιθ
293 2327 355 2391 qne
379 2303 566 2371 obseruatio
596 2303 630 2368 in
652 2303 798 2390 singulas
822 2307 934 2389 partes
959 2303 1179 2391 migrantibus
1203 2305 1307 2372 stellis

288 2397 427 2460 tenetur.
473 2396 508 2456 et
525 2391 603 2477 quia
620 2392 748 2459 fecilior
766 2392 807 2457 ad
822 2393 1024 2459 intellectum
1043 2415 1102 2479 per
1122 2393 1234 2461 oculos
1252 2393 1338 2465 nia3

290 2488 355 2562 est,
383 2480 429 2565 id,
459 2481 546 2566 quod
569 2502 675 2548 sermo
702 2480 888 2567 descripsit,
919 2482 1008 2547 uisne
1032 2481 1190 2570 adsignet.
1236 2486 1307 2550 esto

291 2572 378 2637 enim
406 2570 555 2636 zodiacus
584 2570 736 2655 circulus,
763 2570 816 2636 cui
845 2570 1046 2656 adscriptum
1075 2577 1127 2637 est
1149 2571 1194 2656 A,
1222 2573 1322 2638 intra

291 2660 379 2726 hunc
397 2662 521 2744 septem
545 2658 601 2723 ulii
625 2659 719 2724 orbes
737 2660 893 2741 locentur,
916 2661 950 2724 ct
967 2659 1117 2724 zodiacus
1141 2659 1182 2724 ab
1202 2657 1231 2725 A
1250 2682 1309 2745 per

250 2765 278 2806 ²⁰
293 2749 437 2817 ordinem
461 2745 576 2813 adfixis
597 2746 695 2832 notis,
717 2747 835 2835 quibus
860 2747 1085 2814 adscribentur
1108 2748 1237 2815 litterae
1260 2770 1308 2816 se·

291 2842 437 2925 quantes,
456 2835 490 2902 in
509 2840 620 2920 partes
639 2837 807 2903 duodecim
825 2836 1006 2903 diuidatur:
1030 2837 1136 2922 sitque
1154 2838 1308 2926 spatium,

290 2928 374 3015 quod
397 2928 483 2992 inter
505 2924 536 2990 A
560 2929 594 2990 et
615 2924 643 2990 B
666 2926 827 2991 clauditur
849 2925 957 2991 Aristi
986 2925 1193 3012 deputatum,
1221 2927 1307 3013 qnod

289 3020 376 3083 inter
409 3015 436 3081 B
464 3016 498 3081 et
524 3011 550 3080 O
583 3013 705 3100 Tauro,
737 3014 821 3100 quod
854 3015 940 3080 inter
968 3013 995 3081 Ο
1027 3019 1061 3081 et
1090 3014 1121 3080 D
1153 3014 1308 3098 Geminis,

292 3106 418 3174 Cancro
442 3102 527 3189 quod
552 3103 707 3191 sequitur,
730 3108 764 3169 et
784 3103 919 3190 reliquis
943 3126 1002 3189 per
1020 3103 1166 3170 ordinem
1190 3108 1308 3172 cetera.

249 3211 275 3254 2⁶
290 3196 340 3262 his
364 3192 551 3262 constitutis
569 3193 634 3258 iam
655 3193 694 3258 de
717 3193 854 3281 singulis
873 3193 996 3260 zodiaci
1019 3194 1110 3260 notis
1129 3199 1163 3262 ct
1185 3193 1337 3264 litteris4

291 3285 438 3372 singulae
466 3282 617 3347 deorsum
639 3281 745 3349 lineas
773 3304 831 3369 per
854 3305 966 3349 omnes
994 3283 1134 3350 circulos
1162 3284 1203 3350 ad
1231 3284 1305 3350 ulti-

290 3397 377 3439 mum
397 3393 500 3457 nsque
517 3368 690 3437 ducuntur:
707 3372 819 3457 procul
838 3371 938 3438 dubio
956 3392 1013 3453 per
1027 3394 1140 3438 omnes
1158 3372 1306 3460 singulos

292 3462 455 3527 duodenas
480 3462 590 3543 partes
614 3458 738 3525 diuidet
765 3459 924 3525 transitus
951 3459 1121 3526 linearum.
1167 3461 1201 3526 in
1229 3483 1307 3547 quc·

290 3571 427 3634 cumque
449 3548 551 3633 igitur
574 3547 693 3612 circulo
717 3568 774 3612 seu
797 3548 846 3612 sol
869 3548 902 3611 in
925 3547 982 3612 illo
1006 3569 1064 3612 ssu
1086 3549 1165 3614 luna
1187 3548 1241 3613 uel
1268 3549 1308 3614 de

250 3653 277 3695 so
291 3639 384 3722 uagis
408 3656 629 3737 quaecumque
652 3634 822 3736 discurrat,
844 3656 919 3700 cum
942 3635 982 3699 ad
1007 3634 1150 3737 spatium
1172 3635 1308 3739 uenerit,

291 3725 481 3892 3333,th}
500 3720 1114 3895 ifftttttttttttftt‘tt
1129 3724 1308 3877 ritib:

291 3901 434 3987 spatium
454 3897 576 3963 Arietis
595 3897 628 3962 in
646 3897 778 3966 zodiaco
801 3898 1008 3985 designatum
1027 3921 1123 3984 super
1142 3899 1308 3987 uerticem,

362 4054 587 4114 dierorumB
642 4062 658 4110 *1
678 4054 838 4112 tranutB
894 4063 927 4111 12
946 4074 976 4112 m
992 4072 1028 4112 ca
1041 4057 1163 4127 partsB
1219 4061 1254 4112 14
1267 4057 1309 4114 dr·

291 4131 392 4202 pntatu
440 4126 447 4143 '
540 4131 573 4180 1⁷
592 4127 702 4197 erigere
720 4128 748 4183 Β
840 4133 872 4184 18
896 4126 1042 4199 aiticnptir
1061 4130 1139 4200 (post
1160 4127 1193 4183 ai
1207 4129 1310 4186 demae

292 4205 344 4272 cir)
361 4201 388 4255 B
477 4203 513 4253 20
531 4195 656 4266 adbnxri
671 4198 700 4253 P
778 4198 997 4255 effuriabuntur
1023 4201 1064 4265 (trs
1080 4213 1136 4255 rae.
1155 4200 1214 4268 fuit
1231 4201 1262 4272 p)
1281 4201 1309 4256 B

292 4279 325 4330 31
346 4278 376 4329 et
393 4270 478 4326 lrnors
488 4271 494 4341 Ι
510 4268 666 4327 defluentes
682 4271 710 4326 B
