3322 5190
400 813 468 879 460
774 811 853 868 sni.
872 812 970 867 LIBRI
991 812 1041 870 Vll

401 975 565 1059 flammeo,
592 997 657 1040 non
682 981 749 1040 tam
774 976 936 1061 extinguit
959 998 1055 1061 quam
1084 976 1206 1060 pariter
1229 974 1414 1040 accenditur

402 1087 504 1149 aquae
551 1063 744 1148 pinguedine
790 1065 980 1130 alimoniam
1026 1065 1094 1150 igni
1136 1065 1413 1130 subministrante.

350 1154 568 1239 2bpostremo
593 1151 770 1218 Homerum
795 1176 976 1237 sequamur,
1000 1154 1056 1237 qui
1079 1153 1168 1218 solus
1193 1153 1256 1219 luit
1277 1158 1414 1218 naturae

402 1241 560 1306 conscius.
613 1241 692 1305 t‘ueit
719 1242 804 1305 enim
837 1241 1034 1307 Nausicasnr
1067 1240 1197 1306 Alcinoi
1227 1242 1327 1306 filiam
1361 1241 1415 1305 sb-

402 1330 545 1394 luentem
569 1336 688 1412 uestes,
717 1352 789 1394 cum
814 1353 909 1414 super
938 1352 1026 1394 mure
1050 1339 1148 1408 esset,
1175 1352 1241 1395 non
1269 1331 1303 1393 in
1332 1331 1413 1394 mari
1441 1348 1455 1386 ι

402 1416 488 1481 sed
478 1439 513 1480 ιιι
535 1416 644 1482 fluuio.
690 1418 773 1481 idem
793 1418 883 1482 locus
904 1417 1036 1481 Homeri
1060 1379 1154 1481 docel
1177 1440 1246 1501 nos,
1270 1417 1414 1481 marinae

350 1504 505 1587 26squae
525 1503 687 1587 qiddam
678 1526 783 1569 messe
802 1506 922 1590 pingue
942 1505 1146 1587 permixtum
1197 1505 1309 1569 Vlixes
1329 1504 1413 1568 enirn

403 1613 476 1656 cum
512 1589 577 1654 iam
615 1591 733 1656 dudum
771 1614 859 1657 mare
892 1594 1049 1657 euasisset
1091 1596 1123 1656 et
1160 1597 1262 1657 staret
1295 1593 1413 1656 siccato

404 1700 551 1763 corpore,
575 1679 621 1743 ait
644 1679 684 1742 ad
708 1678 927 1744 Nausicuael
913 1680 1051 1744 tenuitas

449 1801 630 1886 ἀμφίπολοι
654 1801 754 1884 στῆθ’
778 1802 863 1867 οὕτω
888 1802 1096 1883 ἀπόπροθεν,
1120 1800 1196 1887 ὄφρ’
1229 1801 1292 1883 ἐγὼ
1317 1803 1416 1876 αὐτός
1432 1824 1458 1860 ιο

399 1960 401 1965 ,
449 1890 557 1974 ἅλμην
581 1890 699 1973 ὤμοιιν
723 1888 957 1974 ἀπολούσομαι.

406 2013 566 2100 posthoc
589 2037 661 2079 cum
685 2012 904 2079 descendisset
927 2013 960 2078 in
984 2013 1116 2078 fluuium

495 2139 531 2205 ἐκ
553 2145 698 2225 κεφαλῆς
722 2143 861 2226 ἔσμηχεν
885 2140 963 2216 ἁλὸς
986 2143 1095 2225 χνόον.

352 2267 393 2332 27
406 2265 535 2330 diuinus
560 2267 646 2330 enirn
670 2276 774 2347 uates,
803 2267 857 2350 qui
881 2266 914 2329 in
938 2265 1026 2330 omui
1055 2288 1088 2329 re
1113 2270 1261 2329 naturum
1286 2268 1416 2330 secutus

405 2359 469 2439 est,
499 2355 658 2439 expressit
684 2355 769 2439 quod
799 2355 868 2419 fieri
899 2355 996 2431 solet,
1024 2361 1059 2417 ut
1087 2355 1140 2437 qui
1169 2354 1347 2418 ascendunt
1376 2353 1414 2417 de
1433 2374 1459 2414 ιι

405 2444 501 2526 inari,
525 2441 553 2508 si
577 2444 611 2507 in
636 2442 704 2506 sole
729 2445 893 2526 steterint,
916 2465 1001 2530 aqua
1024 2441 1151 2525 quidem
1176 2441 1323 2506 celeriter
1347 2442 1415 2506 sole

405 2533 558 2615 siccetur,
586 2538 719 2596 maneat
746 2536 854 2596 sutem
883 2533 916 2597 iu
947 2531 1091 2614 corporis
1118 2531 1285 2615 superficie
1314 2530 1415 2595 ueluti

404 2621 465 2685 flos
489 2620 631 2704 quidem,
655 2621 710 2703 qui
734 2626 768 2684 et
790 2620 823 2684 in
843 2618 1037 2704 detergendo
1062 2619 1210 2703 sentitur,
1234 2625 1266 2682 et
1285 2619 1346 2682 hoo
1366 2626 1416 2683 est

405 2731 508 2794 oquae
522 2710 666 2773 marinae
680 2709 852 2793 pinguedo,
872 2731 952 2792 quoe
967 2710 1038 2772 sola
1052 2708 1187 2792 impedit
1206 2707 1413 2771 ablutionem.

351 2833 449 2898 Xllll
496 2832 540 2897 Ει
527 2834 648 2917 tquiu
681 2857 700 2896 a
732 2833 846 2897 ceteris
875 2833 1041 2917 expeditus
1075 2833 1201 2896 milrit
1188 2837 1219 2895 tu
1253 2831 1416 2916 paulisper
1431 2855 1458 2890 ιο

406 2923 564 3006 indulges,
584 2922 750 2985 modouut
752 2946 801 2985 em
821 2923 915 2986 uob1s
931 2922 970 2985 de
986 2945 1068 3005 aqua
1082 2944 1187 2986 sermo
1207 2921 1277 2996 fuit,
1297 2944 1415 3003 quaero

406 3032 461 3074 cur
490 3012 523 3072 in
552 3033 634 3093 aqua
663 3010 833 3073 simulacra
863 3010 987 3074 rusiora
1015 3013 1099 3074 ueris
1130 3009 1301 3074 uidentur?
1330 3009 1414 3092 quod

406 3120 507 3197 genus
531 3098 616 3180 apud
641 3099 776 3180 popiust
778 3120 848 3161 ores
880 3100 1032 3182 pleraque
1056 3099 1320 3162 scitamentorum
1349 3119 1414 3160 eer-

406 3187 513 3249 nimus
532 3187 679 3268 proposit
681 3210 699 3249 u
718 3189 874 3269 ampliore
894 3190 999 3270 specie
1019 3210 1115 3271 quam
1134 3209 1276 3269 corpore,
1297 3185 1414 3269 quippe

406 3274 552 3337 uidemus
576 3275 609 3337 in
629 3275 759 3339 doliolis
783 3277 894 3339 uitreis
919 3298 1021 3357 aquae
1046 3275 1151 3357 plenis
1171 3283 1203 3337 et
1226 3297 1287 3338 oua
1307 3275 1412 3357 globis
1428 3292 1455 3330 ιι

407 3362 584 3426 maioribus
613 3369 646 3426 et
674 3364 834 3427 iecuscula
863 3363 950 3426 fibris
980 3362 1205 3426 tumidioribus
1239 3368 1271 3425 et
1300 3362 1414 3425 bulbos

406 3451 502 3534 spiris
526 3451 723 3533 ingontibus.
760 3459 793 3515 ot
817 3452 948 3516 omnino
974 3451 1080 3536 ipsum
1106 3452 1213 3514 uidere
1237 3473 1300 3533 qua
1324 3451 1416 3514 nobis

406 3540 534 3602 ratione
566 3545 708 3618 constat,
741 3543 816 3622 quia
849 3541 956 3604 solent
985 3541 1022 3603 de
1053 3541 1115 3603 hoo
1148 3561 1211 3602 non
1245 3538 1325 3601 nulli
1359 3561 1417 3600 nec

406 3649 482 3691 uera
508 3649 567 3690 neo
592 3629 658 3691 ueri
682 3628 801 3693 similis
824 3628 981 3693 sentiret'
1029 3636 1062 3692 et
1086 3628 1235 3691 Disarius

375 3717 397 3782 2
497 3715 618 3799 ‘Aqua'
639 3717 743 3801 iuquit
767 3715 912 3782 ‘densior
932 3724 982 3782 est
1000 3718 1082 3782 aeris
1108 3716 1276 3798 tenuitate,
1295 3719 1327 3778 et
1346 3715 1416 3778 ideo
1432 3735 1460 3771 so

482 3924 513 3971 10
534 3917 583 3972 Od.
603 3925 617 3974 Ζ
637 3927 687 3975 218
744 3926 776 3974 13
796 3920 833 3976 ib.
854 3925 868 3976 Ζ
888 3925 938 3974 226

407 4032 418 4037 .-
430 4032 558 4039 -..-.-.-.,-
562 4033 619 4038 --.-

478 4108 662 4163 tnausrcuan
684 4110 711 4162 P
783 4115 815 4162 13
839 4108 966 4231 ἐκιΕΕΚ
991 4107 1017 4160 Ρ
1086 4108 1199 4160 ΧΛΟΟΝ
1226 4106 1253 4158 Ρ
1325 4111 1357 4157 14
1382 4105 1418 4157 se·

407 4178 511 4247 quntus
530 4178 556 4230 P
609 4186 641 4232 ‘22
662 4179 850 4250 sertumonltop
894 4181 900 4197 ¹
958 4184 991 4233 26
1012 4177 1106 4232 frrbrrl
1123 4178 1150 4229 P
1201 4175 1303 4229 buluas
1319 4177 1346 4229 Ρ
