3322 5190
326 806 370 873 '16
718 807 797 863 ΕΔΤ.
816 805 915 861 LIBRI
934 805 946 859 I

275 970 432 1038 l‘lomnie
461 969 493 1035 ln
522 990 593 1036 eam
616 970 756 1055 populus
779 971 959 1034 uocaretur.
1004 968 1076 1033 ideo
1100 971 1209 1034 aetem
1232 967 1340 1032 minor

326 1058 473 1145 pontifex
495 1080 665 1125 numerum
688 1059 822 1141 dierum,
845 1057 900 1142 qui
924 1056 965 1123 ad
985 1055 1099 1122 Nonas
1123 1063 1340 1142 superessent,

326 1145 461 1214 calendo
485 1147 657 1232 prodebat,
680 1149 766 1232 qued
789 1152 866 1231 post
887 1167 1006 1211 nouam
1029 1146 1140 1211 lunam
1164 1145 1340 1229 oportebat

326 1232 495 1303 Nonarum
520 1236 571 1302 elie
593 1238 778 1323 populares,
801 1235 909 1321 quiin
928 1235 1017 1321 agris
1036 1241 1154 1314 essent,
1177 1235 1340 1301 confluere

327 1325 361 1392 in
382 1326 505 1410 urbem,
524 1333 714 1412 accepturos
733 1347 848 1390 causes
868 1325 1019 1390 lcrierum
1038 1350 1058 1390 a
1072 1346 1147 1410 rege
1161 1346 1340 1408 secretum,
1367 1350 1381 1390 s

276 1413 530 1500 illsoIturesque
567 1415 643 1500 quid
680 1419 766 1479 esset
797 1436 834 1478 eo
866 1435 976 1479 mense
1008 1414 1198 1479 faciendum.
1253 1414 1341 1477 uncle

327 1501 458 1587 quidem
493 1502 568 1568 hius
596 1501 727 1569 Nonas
760 1501 936 1567 aestimant
962 1502 1080 1584 dictes,
1113 1503 1205 1585 quasi
1233 1522 1341 1566 nouae

327 1589 457 1657 initium
481 1590 737 1674 obseruatiouis,
762 1592 812 1655 ucl
836 1591 920 1674 qrred
945 1590 987 1655 ab
1011 1613 1049 1655 ce
1072 1591 1123 1654 die
1147 1612 1275 1674 semper
1299 1590 1341 1655 arl

327 1676 404 1744 lou·
433 1701 548 1744 nouem
574 1679 642 1745 dies
667 1684 834 1763 putentur,
862 1679 946 1743 eleut
968 1679 1053 1762 apud
1077 1679 1199 1743 'l'useos
1222 1677 1341 1743 Nonae

327 1766 434 1851 plures
463 1766 679 1850 habebantur,
708 1767 793 1851 qued
822 1767 856 1830 lri
884 1787 971 1831 nouo
998 1787 1124 1850 quoque
1152 1766 1203 1830 die
1227 1786 1339 1850 regem
1356 1791 1382 1828 re

328 1874 422 1918 enum
452 1854 641 1919 ralutebent
668 1854 763 1918 etde
787 1854 929 1937 propriis
953 1854 1092 1938 negotiis
1115 1852 1340 1917 consulebant.

277 1943 316 2009 'll
418 1939 550 2006 Iduum
574 1963 670 2026 porro
694 1963 809 2006 nomeu
832 1940 992 2024 aTuscis,
1015 1940 1099 2024 apud
1123 1961 1203 2024 ques
1222 1940 1250 2003 is
1270 1939 1341 2004 dies

329 2026 401 2094 ltir
431 2033 577 2114 uocetur,
609 2035 775 2114 sumptum
804 2034 862 2094 est.
907 2028 997 2094 ltcm
1026 2034 1134 2093 eutem
1162 2029 1212 2092 illi
1240 2029 1337 2093 inter·

329 2120 499 2202 proteritur
519 2114 626 2184 leuis
651 2119 843 2183 fiduciam.
881 2140 955 2183 neru
979 2141 1052 2183 curu
1072 2117 1180 2182 leuem
1200 2117 1339 2203 accipia-

329 2226 400 2270 mur
419 2206 500 2271 lueis
520 2211 693 2288 auctorem,
714 2208 797 2271 unde
816 2210 850 2271 et
869 2207 1067 2271 Lucetium
1087 2205 1184 2271 Salii
1203 2208 1236 2270 in
1256 2228 1339 2272 car·
1358 2229 1383 2268 rs

329 2292 499 2359 uricibue
520 2297 640 2359 currunt
658 2299 691 2359 et
710 2290 881 2358 Cretenses
901 2295 968 2358 Δία
986 2291 1048 2376 τὴν
1068 2289 1193 2377 ἡμέραν
1213 2302 1344 2374 nocent,

330 2379 391 2465 ipsi
419 2402 548 2467 queque
576 2380 716 2446 llemani
739 2381 983 2466 Diespitrem
1011 2381 1192 2465 appellent,
1218 2387 1255 2446 ut
1278 2382 1342 2447 dici

278 2469 319 2537 lt
342 2473 465 2535 rebem.
511 2469 578 2534 iure
606 2469 659 2534 bie
682 2470 751 2534 dies
774 2468 880 2534 Iouis
907 2468 1054 2534 fiducia
1076 2474 1224 2553 uocatur,
1250 2471 1343 2534 cuius

344 2577 386 2622 ux
409 2577 475 2622 neu
499 2556 611 2622 linitur
635 2577 708 2622 eum
728 2557 808 2622 eolis
827 2578 952 2639 occasu,
976 2558 1033 2621 sed
1052 2557 1258 2642 splendorem
1278 2557 1344 2622 diei

329 2648 364 2709 et
386 2649 515 2709 nectem
539 2645 708 2710 eeutiuuat
731 2644 927 2709 inlustrante
950 2646 1035 2726 luna,
1058 2644 1144 2728 quod
1163 2666 1292 2728 semper
1309 2648 1343 2710 iu
1359 2668 1386 2707 ee

330 2731 520 2816 plenilunio,
538 2731 570 2798 id
590 2736 640 2798 est
659 2731 766 2797 medie
781 2754 901 2810 mense,
919 2733 989 2796 fieri
1004 2732 1096 2800 solet
1133 2733 1218 2797 diem
1234 2735 1344 2818 Igitur,

329 2820 384 2905 qui
410 2821 460 2886 uel
485 2821 652 2887 nocturnis
674 2826 764 2887 ceret
782 2821 935 2904 tenebris,
958 2823 1046 2887 leuis
1066 2822 1218 2887 tiduciam
1236 2821 1344 2888 Tusco

331 2909 461 2976 uemiue
489 2914 701 2992 uocauerunt,
730 2910 871 2974 undeet
895 2931 1008 2975 omnes
1031 2910 1108 2975 Idus
1132 2909 1222 2976 Iouis
1244 2911 1344 2976 Icries

280 3000 319 3066 tlt
330 2996 551 3064 obstruentes
574 2999 684 3063 seruit
706 2999 894 3082 antiquitas
932 2999 989 3063 alii
1012 3004 1130 3085 putant
1148 3000 1234 3084 Idus,
1256 3002 1344 3085 qued

330 3107 369 3153 ee
391 3086 443 3153 die
467 3088 561 3172 plene
583 3087 661 3153 lues
684 3087 841 3170 uideatur,
865 3089 1044 3154 euidende
1067 3090 1177 3153 nidus
1196 3090 1341 3174 eppella·
1357 3110 1385 3149 es

331 3178 397 3258 tes,
429 3197 503 3241 ruer
536 3176 680 3241 litteram
708 3194 730 3240 v
763 3176 956 3260 deuectam,
987 3179 1072 3242 sicut
1097 3183 1225 3259 contra,
1257 3179 1345 3263 qued

331 3263 446 3329 tlreeei
469 3264 557 3330 ltro·
579 3263 700 3346 diecret,
722 3286 782 3329 nes
806 3283 829 3329 v
848 3265 958 3330 littera
980 3266 1092 3330 reddita
1115 3266 1245 3331 uidere
1268 3268 1346 3332 dici-

333 3373 413 3419 mue
458 3374 523 3419 ntur
547 3351 645 3419 nullis
669 3354 776 3439 placet
799 3352 875 3418 ldus
898 3354 1003 3419 dietas
1027 3355 1184 3419 uocabulo
1207 3353 1345 3438 Graeco,

331 3430 406 3506 eloe
429 3435 496 3506 alst
519 3442 580 3506 τοῦ
605 3442 729 3521 εἴδοις,
765 3441 851 3527 qued
884 3465 922 3507 ee
955 3444 1007 3507 die
1039 3445 1169 3527 plenam
1201 3446 1344 3526 speeiem

333 3526 411 3593 lune
443 3528 653 3594 sterilenstret
700 3536 777 3594 erret
808 3531 864 3614 qui
896 3532 1070 3594 aestiment
1096 3530 1173 3594 Idus
1200 3531 1243 3594 eb
1271 3553 1344 3596 one
1358 3553 1388 3592 ee

332 3612 434 3681 tetuli
453 3616 566 3700 «lictus,
584 3638 682 3701 quam
702 3617 763 3681 bec
781 3619 912 3683 numius
931 3625 1051 3683 necent
1063 3618 1171 3701 Tusci,
1188 3625 1222 3682 at
1239 3622 1345 3684 omni·

401 3812 597 3859 &resuere
617 3810 714 3861 teres
736 3807 809 3861 Μ’
851 3806 988 3861 enemo
1069 3808 1151 3877 pulei
1164 3810 1191 3861 P
1238 3818 1272 3863 12
1285 3810 1351 3864 diet*

331 3871 412 3927 tell*
467 3875 895 3932 tteteerourltrrmirel'
950 3884 981 3931 lt
1050 3879 1119 3932 err
1176 3883 1349 3935 ummo?

333 3949 365 3997 tt
383 3944 499 3999 turae
522 3944 547 3999 l*
600 3952 631 3999 tt
652 3947 743 4000 britl'
797 3955 832 4001 te
850 3954 1090 4002 nesteronem
1106 3949 1134 4002 P
1185 3951 1347 4004 illustrante

335 4012 359 4067 lt
412 4015 499 4069 retr
551 4017 973 4087 tlpleurelllnureedd,p
1022 4019 1177 4073 25&an
1227 4028 1347 4090 ”pest

329 4083 599 4153 relucere-Mun
620 4087 743 4156 beleum
762 4089 840 4143 rue
906 4094 942 4141 &l
960 4089 1135 4144 ele-emm
1155 4091 1189 4143 Η
1256 4103 1345 4147 testr-

330 4164 407 4210 κω
432 4155 456 4209 Ρ
507 4158 543 4210 ab
563 4160 661 4212 rerer
716 4165 747 4210 er
769 4170 870 4213 ursam
890 4177 941 4215 eu„
964 4160 990 4212 P
