3442 5190
667 815 731 871 xrn
752 820 857 872 rr-ao
883 814 961 870 x1111
982 820 1051 870 1-s
1300 815 1367 883 539

354 977 498 1060 templo
526 977 597 1044 hcc
625 977 789 1044 medium
811 978 934 1062 uides,
962 1000 1058 1063 quae
1082 980 1186 1044 terra
1208 977 1366 1046 dicitur:

352 1065 490 1152 hisque
518 1066 669 1133 animus
697 1065 810 1134 datus
838 1070 899 1133 est
927 1089 969 1133 ex
998 1066 1083 1133 illis
1113 1067 1366 1154 sempiternis

353 1155 522 1240 ignibus,
556 1177 652 1242 quae
680 1157 808 1222 sidera
835 1160 873 1221 ct
900 1156 1041 1222 stellas
1070 1157 1236 1243 uocatis,
1268 1180 1366 1243 quae

352 1244 538 1331 globosae
567 1248 605 1311 et
628 1246 817 1312 rotundae
840 1244 984 1312 diuinis
1009 1245 1203 1312 animatae
1226 1247 1366 1313 menti-

325 1334 421 1399 sbus
446 1333 569 1400 circos
593 1356 685 1401 suos
710 1335 901 1422 orbesque
919 1335 1139 1402 conficiunt
1156 1335 1364 1402 celeritate

352 1423 532 1489 mirabili.
588 1423 626 1489 de
663 1427 751 1489 terra
787 1446 842 1490 cur
878 1423 995 1511 globus
1033 1423 1157 1489 dicatur
1189 1424 1223 1489 in
1256 1424 1394 1491 medio2

352 1512 471 1577 mundo
501 1513 641 1597 positus,
673 1514 801 1599 plenius
835 1513 1043 1597 disseremus,
1076 1535 1149 1578 curn
1177 1513 1217 1578 de
1244 1535 1363 1580 nouem

352 1600 498 1684 sphaeris
532 1602 707 1685 loquemur.
765 1602 846 1666 bene
879 1603 987 1666 autem
1020 1601 1190 1666 uniuersus
1223 1602 1362 1667 mundus

351 1686 403 1753 dei
440 1690 597 1773 templum
629 1693 765 1756 uocatur
798 1691 932 1775 propter
963 1689 1053 1769 illos',
1091 1689 1146 1773 qui
1179 1690 1363 1774 aestimant,

311 1797 338 1838 ro
351 1777 431 1842 nihil
460 1799 530 1843 esse
559 1776 646 1843 aliud
670 1778 764 1843 deum
788 1778 850 1843 nisi
874 1778 997 1843 ceelum
1021 1778 1129 1862 ipsum
1153 1781 1186 1843 et
1209 1778 1364 1843 caelestia

350 1866 427 1949 ista,
456 1887 538 1951 quae
565 1867 734 1931 cernimus.
779 1867 851 1932 ideo
879 1870 917 1931 nt
945 1867 1063 1931 summi
1089 1866 1362 1950 omnipotentiam

349 1952 400 2017 dei
432 1953 616 2018 ostenderet
643 1975 739 2037 posse
766 1954 820 2019 uix
848 1953 1011 2039 intellegi,
1043 1976 1221 2038 numquam
1250 1953 1363 2036 uideri,

349 2041 500 2126 quicquid
535 2039 678 2105 humano
715 2042 873 2107 subicitur
907 2042 1067 2126 aspectui,
1103 2043 1261 2125 templum
1293 2041 1362 2105 eius

349 2128 487 2210 uocauit,
510 2129 565 2210 qni
589 2129 657 2192 sola
681 2133 787 2192 niente
810 2129 1001 2212 concipitur,
1024 2134 1061 2193 nt
1084 2128 1139 2211 qui
1162 2128 1243 2192 haee
1265 2148 1361 2192 uene-

309 2219 439 2280 roratur
461 2218 499 2279 nt
520 2214 652 2300 templs,
676 2217 798 2280 cultum
820 2219 932 2280 tamen
955 2217 1132 2281 maximnm
1151 2215 1268 2280 debeat
1286 2236 1360 2280 con-

349 2303 456 2387 ditori,
479 2303 624 2389 sciatque
648 2304 793 2389 quisquis
817 2305 850 2370 in
874 2326 968 2370 nsum
990 2304 1104 2390 templi
1123 2304 1219 2369 buius
1239 2302 1360 2369 induci·

349 2397 415 2477 tnr,
448 2393 511 2458 ritu
545 2393 606 2458 sibi
640 2393 812 2459 uiuendum
846 2393 1029 2459 sacerdotis.
1084 2393 1169 2458 unde
1201 2395 1235 2458 ct
1266 2393 1358 2479 quasi

349 2484 489 2570 quodam
531 2483 658 2569 publico
696 2484 869 2568 praeconio
907 2487 1032 2549 tantam
1068 2483 1210 2548 humano
1248 2482 1359 2568 generi

349 2574 553 2639 diuinitatem
578 2575 683 2639 inesse
707 2577 855 2654 testatur,
878 2576 916 2639 ut
934 2575 1103 2639 uniuersos
1123 2573 1238 2639 siderei
1258 2573 1359 2638 animi

309 2662 545 2751 rocognotione
574 2663 734 2729 nobilitct
784 2664 961 2730 notandum
990 2667 1052 2746 est,
1084 2662 1169 2749 quod
1196 2662 1259 2729 boe
1287 2662 1391 2729 loeod

349 2753 492 2819 animum
526 2757 558 2816 et
588 2756 625 2818 ut
653 2753 782 2837 proprie
811 2756 843 2817 et
870 2756 907 2817 ut
934 2753 1068 2818 abusiue
1096 2752 1212 2818 dieitur
1240 2752 1360 2836 posuit

349 2842 476 2907 animus
515 2841 600 2907 enim
637 2843 765 2927 proprie
801 2864 892 2907 mens
928 2847 991 2924 est,
1033 2863 1130 2927 quam
1166 2839 1359 2906 dininiorem

349 2932 457 2996 anima
480 2953 577 2996 nemo
601 2931 773 3013 dubitauit,
798 2931 853 2996 sed
875 2953 941 2996 non
965 2953 1142 3016 numquam
1167 2930 1214 2995 sie
1238 2931 1271 2994 et
1293 2928 1360 2994 ani-

348 3042 434 3085 mam
467 3025 659 3105 usurpantes
692 3043 854 3086 coeamus.
904 3043 976 3085 eum
1005 3040 1082 3105 ergo
1111 3018 1189 3084 dicit
1220 3017 1391 3102 lrisqne4

308 3110 497 3174 sonuimus
521 3110 633 3175 datus
657 3113 717 3175 est
740 3131 781 3174 ex
806 3109 883 3175 illis
907 3107 1160 3194 sempiternis
1185 3107 1359 3193 ignibus,

348 3200 489 3264 mentem
523 3201 670 3282 praestat
701 3198 862 3282 intellegi,
894 3220 976 3283 quae
1004 3199 1098 3263 nobis
1126 3197 1257 3282 proprie
1284 3216 1358 3261 cum

348 3288 438 3353 caelo
463 3286 685 3372 sideribusque
709 3287 889 3352 communis
913 3288 977 3371 est3
999 3308 1072 3351 cum
1096 3308 1173 3351 uero
1195 3284 1244 3349 ait
1265 3283 1359 3348 reti-

348 3372 494 3440 nendus
519 3376 668 3440 animus
691 3376 810 3439 estin
834 3375 1012 3441 custodia
1035 3374 1224 3457 corporis,
1252 3373 1359 3456 ipsam

348 3465 425 3528 tnnc
443 3464 584 3528 animam
600 3465 756 3546 nominat,
775 3486 857 3548 quae
871 3464 1012 3529 uincitur
1027 3462 1174 3528 custodia
1188 3461 1359 3545 corporali,

309 3551 402 3616 ueni
430 3573 521 3616 mens
549 3552 669 3616 diuina
688 3573 753 3615 non
782 3550 938 3616 subditur.
982 3572 1069 3616 nnnc
1098 3551 1237 3635 qualiter
1264 3548 1391 3616 nobis5

349 3638 490 3722 animus,
522 3639 553 3702 id
588 3644 638 3703 est
670 3661 774 3717 mens,
805 3661 878 3704 cum
911 3639 1069 3704 sideribus
1099 3637 1280 3704 communis
1308 3637 1360 3718 sit,

349 3726 521 3792 seeundum
559 3727 730 3811 theologos
769 3726 971 3791 disseramus.
1031 3727 1124 3810 deus,
1163 3725 1219 3809 qui
1255 3723 1392 3807 primass

349 3835 446 3878 cause
475 3817 508 3877 et
531 3817 636 3878 estet
659 3817 805 3896 uocatur,
828 3835 910 3878 unus
935 3814 1076 3878 omnium
1084 3864 1092 3894 ,
1116 3832 1262 3898 quaeque
1285 3813 1363 3876 sunt

350 3922 495 3986 quaeque
527 3901 677 3967 uidentur
710 3923 793 3985 esse,
825 3903 975 3985 princeps
1008 3904 1042 3965 et
1073 3901 1166 3986 origo
1200 3901 1257 3965 est.
1310 3899 1363 3963 hic

309 4010 336 4051 os
349 3989 627 4074 superabundanti
655 3990 834 4056 maiestatis
863 3989 1060 4056 fecunditate
1088 3990 1128 4055 de
1157 4011 1191 4054 se
1221 3991 1362 4054 mentem

422 4193 453 4240 12
473 4186 520 4241 nri
532 4185 569 4240 P‘
