3322 5190
325 813 392 880 420
702 812 775 870 SAT.
795 812 891 868 LIBRI
909 812 960 868 Vll

326 975 473 1059 ambigit,
495 975 584 1040 cuiue
607 974 671 1038 cibi
694 975 852 1059 qualitate
874 995 1044 1060 possessus
1067 975 1120 1059 ait,
1143 996 1215 1040 curn
1234 999 1334 1041 unum

328 1063 514 1147 sumpserit,
538 1068 570 1128 et
593 1063 639 1126 ito
662 1064 707 1145 fit,
726 1067 761 1127 ut
783 1083 878 1144 noxa,
901 1064 992 1127 ouius
1016 1084 1112 1128 causa
1135 1063 1335 1149 deprehensa

276 1151 380 1236 lleit,
407 1150 500 1216 facile
528 1151 657 1215 uitetur.
703 1151 759 1235 qui
788 1155 895 1215 auteur
922 1149 1097 1234 multiplici
1126 1152 1198 1216 cibo
1227 1152 1336 1236 alitur,

327 1238 470 1305 diuersae
506 1240 632 1322 patitur
669 1239 842 1323 qualitates
879 1260 917 1303 ex
955 1239 1142 1303 diuersitate
1174 1262 1334 1325 sucorum,

326 1347 384 1393 uec
399 1326 594 1393 concordent
608 1328 758 1392 humores
774 1349 811 1393 ex
823 1327 977 1392 materiae
987 1328 1145 1392 uarietate
1154 1336 1336 1415 nascentes,
1362 1356 1374 1397 s

326 1437 384 1481 neo
411 1415 557 1482 efficiunt
584 1417 740 1500 liquidum
769 1438 926 1500 purumne
950 1418 1154 1500 sanguinein,
1181 1419 1213 1482 in
1239 1440 1334 1502 quern

326 1503 440 1570 iecoris
463 1505 642 1570 ministerio
667 1508 836 1571 uertuntur
859 1510 892 1570 et
915 1506 949 1570 in
973 1527 1072 1570 uenas
1096 1526 1169 1570 cum
1193 1507 1334 1591 tumultu

327 1614 385 1659 suo
418 1597 594 1660 transeunt
649 1594 724 1659 hino
756 1593 942 1658 morborum
976 1593 1171 1679 scaturrigo,
1207 1595 1262 1679 qui
1295 1616 1332 1660 ex

327 1682 575 1836 repugnantium
622 1682 684 1747 sibi
730 1682 899 1746 humorum
946 1680 1107 1746 discordia
1149 1688 1333 1748 nascuntur.

278 1768 442 1844 l2derne
475 1771 551 1857 quia
581 1792 646 1837 uon
676 1772 785 1836 omnia
812 1793 894 1855 quue
923 1772 992 1836 esui
1020 1775 1098 1836 suut
1124 1795 1190 1837 uua
1216 1776 1334 1839 natura
1350 1801 1375 1840 ro

328 1863 391 1943 est,
425 1882 489 1925 uon
523 1861 631 1926 omnia
663 1861 758 1924 simul
791 1864 972 1944 coquuntur
1005 1859 1059 1924 sed
1092 1860 1158 1925 alia
1190 1862 1334 1945 celeriuS,

328 1947 452 2015 tardius
485 1949 563 2033 alia,
596 1954 629 2014 et
661 1951 708 2015 ita
740 1950 789 2033 fit,
822 1953 858 2014 ut
885 1949 1103 2035 digestionum
1131 1951 1335 2035 sequentium

282 2035 408 2110 lsordo
431 2038 587 2104 turbetur.
632 2059 734 2122 neque
757 2039 842 2104 enini
867 2038 941 2121 cibi,
965 2060 1059 2122 quem
1082 2038 1248 2121 sumimus,
1270 2062 1335 2104 una

328 2125 467 2211 digestio
495 2132 544 2192 cst
572 2125 640 2209 sed,
668 2133 705 2192 ut
731 2149 846 2211 corpus
871 2127 1008 2211 nutriet,
1036 2131 1189 2211 quattuor
1212 2128 1336 2211 patitur

328 2214 359 2280 di
385 2213 539 2298 estiouee,
576 2237 712 2300 quarum
749 2237 846 2280 unam
882 2237 994 2279 omues
1027 2217 1080 2280 uel
1113 2216 1176 2298 ipsi
1208 2237 1376 2299 quoquere

327 2234 459 2369 hebetes
496 2304 653 2388 sentiunt,
690 2303 771 2368 alias
808 2303 963 2367 occultior
999 2303 1084 2367 ratio
1117 2302 1335 2385 deprehendit.

327 2391 413 2477 quod
444 2396 482 2455 ut
512 2393 661 2457 omnibus
694 2392 827 2476 liqueat,
863 2392 962 2475 paulo
995 2391 1094 2455 altius
1126 2391 1207 2454 mihi
1239 2412 1337 2457 cauea

280 2479 502 2565 ltrepeteude
524 2487 580 2544 est.
627 2483 779 2565 quattuor
803 2480 935 2546 suntin
959 2480 1055 2545 nobis
1079 2480 1231 2564 uirtutes,
1254 2502 1337 2565 quae

327 2568 620 2637 administrandam
655 2570 844 2635 alimoniam
872 2574 1075 2652 receperunt,
1108 2591 1244 2654 quarum
1272 2592 1337 2634 uua

327 2656 445 2724 dicitur
467 2661 682 2743 redelectari,
714 2682 796 2743 quoe
819 2659 971 2724 deorsum
995 2658 1098 2722 trehit
1119 2658 1240 2724 cibaria
1262 2681 1335 2722 cou·
1351 2685 1378 2724 ao

328 2747 411 2814 suctu
440 2748 643 2814 rirsuulibulis.
690 2749 766 2833 quid
795 2749 879 2814 euim
910 2754 977 2813 turu
1001 2771 1142 2813 crassum
1167 2750 1335 2813 materiam

331 2861 387 2924 por
421 2840 558 2904 l'uueiuru
593 2847 731 2921 irirgrrslu
760 2839 900 2923 fulciret,
933 2839 996 2902 uisi
1027 2862 1096 2902 saur
1126 2839 1175 2902 uis
1204 2845 1337 2902 naturas

279 2929 487 3002 isoceultiui·
524 2929 689 2993 buurirct?
745 2929 861 2992 hausta
899 2951 973 2991 uero
1011 2935 1047 2990 ut
1084 2949 1147 2991 uou
1185 2930 1337 2991 contiuuo

331 3019 421 3103 lapsu
445 3041 502 3102 por
525 3040 621 3082 ornus
644 3040 759 3101 corpus
779 3018 1022 3081 succedentibus
1042 3017 1105 3079 sibi
1125 3016 1336 3078 foraminibus

329 3107 473 3191 perrriuiu
498 3106 537 3169 ud
563 3109 661 3169 iurum
686 3128 787 3190 usque
811 3105 1021 3185 descendant,
1052 3103 1199 3185 attalia,
1227 3104 1335 3186 qualia
1350 3127 1376 3167 rs

328 3201 459 3278 suscripta
491 3200 580 3275 surrt,
608 3201 795 3278 «morantur,
827 3194 882 3257 sed
911 3194 1051 3257 salutare
1080 3191 1221 3254 officium
1250 3192 1335 3274 diga·

328 3283 444 3346 stiouis
477 3291 663 3365 extinctum,
701 3281 856 3346 secundae
890 3283 967 3344 bueo
1001 3302 1077 3342 cure
1110 3281 1242 3341 uirtutis
1276 3288 1335 3359 est,

328 3392 425 3454 «aarum
446 3372 567 3452 tirueci,
591 3372 666 3455 quia
689 3371 880 3434 roteutntrix
904 3376 962 3450 est,
986 3372 1106 3432 uocant
1128 3371 1335 3449 καθεκτικήν.

281 3460 439 3540 tutonis,
471 3459 546 3542 qiua
579 3460 685 3523 ciluuu
717 3461 749 3523 iu
778 3459 864 3522 aliud
894 3483 931 3522 ex
961 3458 1025 3521 ulio
1054 3465 1171 3536 mutet,
1204 3466 1336 3519 uocetur·

330 3546 533 3631 ἀλλοιωτικῇ
604 3549 675 3613 buis
722 3551 918 3611 obsecuntur
964 3568 1094 3626 omues,
1144 3546 1218 3627 quia
1264 3547 1377 3626 ipsane

283 3637 567 3720 llcligustiouibus
596 3643 697 3701 curat.
749 3639 870 3699 uentris
900 3638 984 3699 enisu
1013 3634 1076 3697 duo
1106 3648 1179 3696 sunt
1208 3634 1338 3714 crificia,

331 3748 466 3811 surorum
487 3728 634 3811 sirpcuius
654 3734 795 3792 ortulum
816 3725 927 3808 ncipit
947 3726 1102 3787 «leucrates
1122 3731 1153 3785 et
1174 3724 1207 3785 iu
1227 3721 1337 3786 sulleru

332 3818 453 3880 neutris
478 3816 629 3881 nsuuulit.
667 3817 717 3880 liic
742 3824 789 3879 ost
811 3816 1005 3883 stomachus.
1029 3815 1082 3896 qui
1105 3813 1338 3896 putcrt'uruilias

403 3975 731 4043 tllruruoiuurlurocl'
800 3982 825 4025 ll
849 3973 952 4026 erton.
975 3973 1001 4024 Ρ
1070 3978 1100 4022 13
1122 3970 1295 4021 nl'uurrmul'
1314 3969 1341 4019 Ρ

336 4051 504 4113 ltouutuor
524 4046 550 4099 Ρ
630 4046 887 4098 dissenserimus
909 4045 934 4096 Ρ
997 4048 1029 4093 tt
1051 4042 1127 4108 lapso
1147 4040 1194 4109 lup
1216 4040 1244 4090 P
1305 4046 1339 4092 25

333 4115 460 4170 ilut‘wutli
481 4116 546 4170 daut
571 4117 595 4169 l*
695 4123 729 4168 td
749 4116 880 4183 acceptat
896 4123 925 4169 at
946 4114 994 4166 sul
1024 4113 1058 4165 P'
1150 4117 1184 4162 29
1202 4118 1286 4163 tertre
1307 4141 1337 4149 -

333 4193 368 4241 tu
387 4190 550 4254 sitlouururl
564 4204 612 4242 cler.
635 4188 658 4241 1¹
721 4194 755 4240 tu
770 4187 956 4255 oldeumutur
974 4187 1006 4249 P,
1026 4184 1089 4238 adsi.
1107 4183 1340 4252 t'urtrtriyirsus
