3322 5190
307 778 369 844 138
697 776 776 834 ΕΔΤ.
795 776 894 832 LIBRI
912 777 938 832 11

304 944 355 1027 ut,
382 941 489 1026 siquid
518 961 556 1006 ex
584 941 689 1025 epulis
715 941 943 1026 superfuisset,
933 941 1070 1094 ,pppe
1069 943 1273 1005 consumeret
1275 959 1321 1002 nr.

304 991 381 1096 hiric
403 1027 599 1096 Catonis
590 1051 680 1095 rocus
704 1035 762 1096 est
799 1030 988 1115 namqueA
1003 1028 1128 1095 bidium
1152 1027 1324 1113 quendam,

305 1118 361 1221 qui
387 1119 474 1184 bona
501 1140 559 1183 sua
587 1118 782 1184 comedisset
809 1123 843 1183 et
864 1118 1043 1184 nouissime
1066 1117 1212 1199 domum,
1240 1136 1377 1200 qnae

307 1206 337 1271 ei
363 1206 487 1291 reliqua
516 1208 598 1290 erat,
625 1207 773 1272 incendio
801 1206 1007 1292 perdidisset,
1035 1210 1196 1291 propter
1222 1203 1323 1267 uiam

306 1293 422 1360 fecisse
452 1256 598 1359 dicebeti
626 1294 725 1380 quod
757 1316 927 1360 comesse
958 1315 1033 1359 non
1065 1292 1254 1379 potnerit,
1286 1289 1363 1355 ide

306 1380 586 1447 combussisse'.

276 1472 298 1536 b
397 1466 612 1552 Symmachus
649 1469 762 1534 deinde
800 1469 916 1536 meter
950 1470 992 1534 M.
1024 1469 1119 1533 Bruti
1156 1466 1325 1532 Seruilia

307 1577 382 1622 cnm
405 1557 587 1640 pretiosum
610 1579 684 1623 aere
707 1579 809 1643 paruo
833 1558 967 1623 fundum
992 1557 1067 1623 abst
1068 1557 1184 1623 nlissat
1206 1552 1323 1621 aCae·

308 1667 379 1710 sare
398 1646 579 1711 subiciente
598 1646 713 1713 hastee
732 1647 864 1712 bona
837 1648 966 1732 ciuium,
984 1669 1050 1712 non
1067 1646 1184 1730 effugit
1170 1645 1324 1709 tdictum

308 1733 377 1799 tale
397 1731 561 1800 Ciceronis
580 1736 753 1819 equidem
777 1758 850 1819 quo
874 1735 1011 1802 melius
1036 1739 1203 1819 emptum
1227 1733 1324 1797 scia·
1341 1758 1365 1796 ιο

308 1823 374 1902 tis,
410 1824 654 1907 comparauit
684 1822 852 1888 Seruilio
883 1824 983 1888 hunc
1014 1823 1172 1887 fundum
1204 1820 1297 1884 tert'
1288 1842 1324 1883 re

308 1907 480 1975 deducta
531 1910 600 1974 filis
628 1916 736 1975 autem
764 1909 921 1976 Seruiliae
949 1916 1019 1976 erat
1045 1909 1157 1975 Iunia
1183 1908 1320 1972 Tertia

309 1997 484 2082 eadamque
508 1996 542 2063 (i.
561 1996 665 2065 Cassii
689 2021 779 2084 uxor,
801 1999 991 2065 lasciuiente
1015 1999 1173 2064 dictatore
1196 2001 1265 2061 tam
1289 1996 1323 2059 in

308 2089 447 2153 matrem
472 2107 569 2170 quam
593 2089 628 2156 in
651 2088 803 2174 pucllam.
840 2094 919 2155 tuuc
938 2089 1099 2155 luxuriam
1123 2087 1210 2152 sonis
1234 2084 1325 2151 udul-

308 2176 370 2241 teri
398 2175 516 2242 ciuitas
544 2177 681 2244 subinde
709 2179 892 2245 rumoribus
920 2178 1066 2264 iocisque
1091 2176 1259 2261 carpebat,
1287 2180 1363 2239 utre

307 2264 396 2330 mala
419 2286 485 2330 non
508 2269 636 2331 tantum
660 2268 745 2332 seria
767 2266 896 2333 forant'.

276 2355 297 2420 6
396 2352 477 2418 Post
499 2355 585 2420 hunc
609 2353 749 2421 Caecina
772 2355 913 2420 Albinus
937 2354 1119 2420 ‘Plancus
1145 2354 1179 2417 in
1203 2352 1322 2417 iudicio

307 2441 392 2507 forte
424 2443 521 2508 amici
559 2467 631 2510 cum
664 2446 836 2510 molestum
868 2449 985 2510 testem
1019 2444 1182 2510 destruere
1215 2441 1323 2520 uellet,

307 2532 538 2618 interrogauit,
570 2534 647 2620 quia
679 2536 823 2599 sutorem
855 2534 990 2618 sciebat,
1022 2556 1085 2618 quo
1114 2532 1254 2598 artificio
1288 2554 1322 2595 so

307 2623 461 2688 tueretur.
518 2623 571 2688 ille
605 2623 727 2690 urbane
764 2623 930 2710 rospondit
967 2623 1123 2710 galluni
1162 2622 1362 2707 stringnen

309 2711 470 2777 sutorium
490 2713 551 2778 hoc
571 2714 669 2778 habet
656 2719 708 2778 tur
722 2716 981 2796 instrumentum,
1000 2714 1085 2799 qnod
1101 2737 1167 2779 non
1184 2714 1321 2777 inire-otc

309 2803 342 2865 in
384 2802 536 2867 adulterii
573 2805 858 2906 'cxprtobraionem
898 2805 1058 2890 nrnbignit
1045 2807 1113 2869 tnta
1150 2808 1297 2867 conncrtr
1272 2804 1321 2866 ιι

310 2911 385 2954 nam
404 2891 579 2957 Plancus'
570 2915 604 2956 ιιι
625 2892 776 2958 Maeuia
796 2893 910 2957 Galla
924 2898 1027 2976 nupta
1046 2894 1130 2958 mala
1148 2891 1321 2956 erudiebat?

279 2980 297 3042 'i
399 2975 534 3043 Secutus
572 2986 677 3042 est
658 2980 774 3044 Furius
809 2981 945 3044 Albinus
983 2980 1069 3062 post
1104 2978 1321 3043 Mutinensem

309 3063 420 3145 sugam
450 3067 678 3166 quaerentibus
706 3068 781 3148 quid
810 3074 921 3151 ageret
953 3068 1159 3148 Antonine,
1191 3088 1321 3148 respon·
1337 3084 1363 3122 ·.ι

310 3149 395 3213 disse
423 3153 594 3216 familiaris
624 3154 690 3216 cius
719 3154 896 3236 ferebatur,
914 3155 1022 3254 ,quod
1050 3155 1157 3217 canis
1185 3154 1222 3215 in
1251 3155 1321 3214 Ae·

309 3241 441 3320 gypto:
456 3239 610 3303 bibitet
596 3239 741 3325 tingit,
765 3242 920 3324 quando'
911 3263 945 3304 ru
964 3242 1028 3305 illis
1048 3240 1234 3324 regionibus
1250 3259 1323 3302 con·

310 3327 377 3388 stat
385 3328 823 3410 canesrnpucorcodrlornm
832 3329 1003 3393 exercitos
1013 3349 1140 3394 ocurrere
1148 3332 1181 3390 ct
1190 3325 1312 3390 bibere
1316 3376 1323 3390 .

279 3415 299 3478 8
398 3414 593 3480 Eustathine
626 3415 739 3480 deinde
770 3417 915 3482 ‘Publius
947 3416 1111 3481 Mucium
1144 3417 1176 3479 in
1208 3415 1322 3498 primis

310 3501 500 3568 maliuolum
525 3527 596 3569 cum
621 3504 757 3569 uidisset
780 3506 876 3569 solito
900 3506 1080 3570 tristiorem
1104 3508 1170 3569 aut
1196 3503 1322 3567 Mucio
1337 3527 1364 3563 co

310 3589 418 3675 inquit
440 3593 571 3658 nescio
595 3594 684 3678 qnid
708 3593 937 3659 incommodi
961 3595 1127 3660 accessit
1150 3599 1214 3658 aut
1238 3615 1323 3656 nes-

311 3680 372 3745 cio
397 3684 457 3746 cui
481 3682 625 3765 aliquid
651 3681 767 3748 boni'.

318 3817 522 3825 ·——------.

381 3893 510 3949 ιὶιιιοΒ
572 3891 962 3980 trcquucratrnocndroB
1026 3895 1225 3950 tmarchB
1291 3902 1324 3949 10

310 3981 423 4034 quoqne
443 3967 470 4020 B
529 3965 639 4021 sacratis
654 3961 690 4019 B'
751 3972 783 4019 la
803 3984 849 4036 gar
869 3968 929 4021 ΒΡ
982 3971 1015 4019 15
1034 3966 1140 4034 rorcrsq.
1159 3973 1191 4021 nt
1209 3968 1267 4022 aad
1287 3965 1322 4021 Β

309 4043 344 4091 23
364 4053 458 4092 menia
477 4038 505 4092 Β
548 4040 662 4113 pnupta
679 4056 711 4093 ιιι
706 4039 815 4106 satior
833 4039 869 4092 P'
916 4044 950 4092 ιι
970 4036 1109 4111 pgrptoP
1151 4040 1326 4108 tssrnptul’

308 4144 488 4215 corcodrillo)
495 4146 527 4214 P,
539 4121 750 4216 crocotdrlornm
761 4146 788 4200 Β
812 4151 846 4200 30
856 4161 976 4201 mucium
986 4141 1020 4198 B'
1050 4150 1082 4199 31
1094 4142 1184 4199 nescio
1195 4148 1287 4214 rnant
1296 4147 1323 4199 Β
