3322 5190
328 835 393 901 170
715 835 794 891 ΒΔΤ.
812 835 911 893 LIBRI
926 835 966 890 111

327 998 472 1063 dictam
502 997 635 1062 tradidit
666 1019 763 1082 quae
794 1003 954 1082 propter
984 999 1235 1064 sanctitatem
1268 999 1341 1064 eli-

327 1108 439 1169 quam
467 1089 615 1150 remota
643 1108 685 1150 ec
712 1087 887 1169 seposita
915 1086 1069 1151 anobis
1093 1088 1160 1170 eit,
1188 1088 1340 1170 quasia

326 1173 581 1257 relinquendo
617 1173 723 1237 dicte
760 1179 803 1239 ut
839 1196 858 1238 a
895 1173 1059 1238 carendo
1095 1175 1341 1240 caerimonia.

295 1261 389 1327 9hoc
411 1260 575 1346 Vergilius
599 1282 733 1325 seruans
757 1262 804 1326 ait

373 1389 424 1450 est
454 1384 570 1469 ingens
603 1383 746 1468 gelidum
779 1385 870 1448 lucus
903 1406 1003 1468 prope
1034 1382 1181 1450 Caeretis
1214 1408 1342 1451 amnem
1369 1408 1381 1448 e

372 1474 530 1557 religione
552 1478 681 1556 patrum
705 1473 771 1536 late
794 1493 885 1537 sacer

327 1600 361 1660 et
383 1595 588 1680 adiecitque
616 1594 850 1679 proprietatem
873 1594 1044 1681 religionis
1068 1595 1263 1680 exprimeret

990 1718 1129 1803 undique
1152 1720 1252 1785 eolles

372 1808 533 1873 inclusere
556 1807 637 1892 caui,
660 1810 693 1871 et
715 1807 810 1894 nigra
832 1830 945 1874 nemus
970 1809 1076 1874 abiete
1100 1810 1216 1895 cingit,

329 1954 412 2018 qnae
435 1954 487 1998 res
509 1933 620 2016 utique
644 1931 785 1998 faciebat
807 1933 914 1998 lucum
939 1956 958 1999 a
981 1933 1092 2018 populi
1116 1935 1382 2000 communionem

329 2026 495 2086 secretum.
541 2026 574 2087 et
603 2024 640 2086 ut
665 2021 814 2086 relietum
843 2022 949 2086 locum
974 2023 1158 2087 ostenderet
1181 2044 1246 2088 non
1271 2024 1342 2089 sola

329 2109 467 2176 adeundi
491 2109 692 2194 difficultate,
715 2111 834 2176 adiecit
856 2116 889 2176 et
912 2114 1118 2178 sanctitatem

418 2232 553 2300 Siluano
577 2234 665 2300 fame
687 2238 751 2319 est,
779 2239 905 2302 ueteres
929 2258 1073 2302 sacrasse
1096 2236 1253 2323 Pelasgos

418 2344 569 2408 agrorum
594 2322 782 2407 pecorisque
805 2323 875 2388 deo.

277 2446 503 2521 10secundum
536 2446 724 2510 Pournlvn
754 2445 897 2512 Fnsrvn
929 2446 1110 2531 religiosi
1143 2452 1246 2531 sunt,
1279 2449 1383 2531 quire

328 2534 507 2600 facienda
536 2538 574 2598 et
601 2534 762 2599 uitanda
789 2533 1026 2601 discernunt.
1076 2535 1153 2600 hinc
1175 2534 1267 2600 Mero
1295 2537 1343 2601 eit

631 2657 720 2722 riuos
743 2655 897 2722 deducere
920 2658 1011 2723 nulle

632 2745 748 2832 religio
772 2748 882 2813 uetuit.

331 2875 416 2958 quod
441 2876 549 2938 autem
574 2872 620 2936 ait
643 2871 841 2956 deducere,
871 2873 952 2938 nihil
977 2875 1065 2939 eliud
1089 2878 1139 2939 est
1162 2897 1256 2958 quam
1280 2876 1343 2939 de·

332 2967 495 3047 tergere.
541 2983 617 3025 nam
640 2960 734 3025 iestis
759 2961 871 3026 diebus
894 2963 984 3027 riuos
1007 2968 1133 3028 ueteres
1157 2963 1341 3028 sordidatos
1356 2986 1383 3025 ao

282 3054 320 3115 11
334 3050 501 3133 detergere
520 3050 604 3127 licet,
626 3069 731 3113 nouos
750 3049 859 3113 fodere
878 3072 943 3114 non
966 3051 1050 3115 licet
1096 3053 1129 3114 in
1154 3056 1343 3115 transcursu

332 3141 366 3201 et
393 3136 455 3201 hoc
477 3136 656 3200 notandum
681 3139 744 3217 est,
772 3137 857 3220 quod
885 3142 918 3201 et
939 3138 1008 3221 ipse
1032 3138 1121 3201 uelut
1143 3139 1341 3221 praeteriens

332 3225 392 3289 sub
411 3225 508 3289 unius
531 3225 621 3289 uerbi
646 3224 884 3308 significatione
907 3226 1053 3310 proiecit
1099 3231 1231 3290 cauetur
1254 3227 1341 3290 enim

331 3315 364 3377 in
388 3314 456 3378 iure
480 3314 647 3396 pontificio
672 3319 725 3396 ut,
748 3315 899 3398 quoniam
924 3337 1002 3378 oues
1026 3314 1149 3379 duabus
1174 3337 1212 3379 ex
1236 3316 1341 3379 causis

331 3401 436 3468 lauari
455 3404 572 3486 solent,
595 3406 651 3467 eut
669 3407 705 3466 ut
728 3408 858 3468 curetur
881 3404 1005 3469 scabies
1029 3407 1086 3469 aut
1110 3410 1145 3469 ut
1168 3404 1244 3469 lurra
1267 3426 1340 3488 pnr-
1355 3424 1382 3464 aa

331 3494 433 3575 getur,
452 3492 544 3556 sestis
560 3492 671 3556 diebus
687 3493 875 3576 purgandae
894 3492 988 3557 lanae
1007 3495 1114 3578 gratia
1133 3515 1210 3558 oues
1230 3495 1341 3558 lauare

402 3747 506 3802 ern.
526 3746 591 3800 VIII
610 3752 660 3802 697
720 3746 792 3803 eib.
812 3745 877 3801 v111
897 3751 948 3802 598
1005 3754 1038 3803 18
1056 3747 1094 3804 ib.
1113 3747 1178 3803 vlll
1198 3754 1250 3804 600
1308 3753 1339 3804 lt

329 3816 534 3888 Georplatt)

403 4060 542 4115 ldrctam
562 4059 616 4114 csse
631 4060 658 4113 Β
704 4058 936 4132 θοςτιωουίιιοῃ
985 4059 1129 4129 turrgrlro
1144 4061 1171 4114 Β
1217 4060 1345 4115 octiens

329 4130 659 4187 cerainceretrfc'nB
714 4138 746 4184 14
765 4147 888 4215 peconq.
904 4131 962 4183 BP
1011 4138 1043 4185 16
1062 4147 1140 4185 mora
1153 4128 1188 4185 B'
1242 4137 1272 4184 17
1294 4132 1341 4184 dc·

329 4202 438 4256 duceris
452 4209 483 4257 at
502 4205 559 4259 uid.
578 4199 614 4255 Β’
663 4208 696 4255 21
716 4201 827 4256 foedere
842 4202 870 4255 Β
924 4206 958 4256 28
977 4219 1050 4256 emm
1065 4220 1133 4271 rnrq.
1149 4202 1297 4271 pontrfrero
1312 4201 1340 4255 Β
