3322 5190
692 849 785 904 XVIII
805 853 909 904 12-19
1237 846 1303 911 329

289 1011 419 1098 quidem
457 1010 622 1078 hominem
659 1010 835 1097 Pelasgum
871 1009 985 1075 ducem
1017 1007 1167 1074 Hernicis
1205 1006 1304 1074 tuisse

289 1100 410 1168 Ivnrvs
424 1099 585 1167 Hroruvs
604 1100 639 1164 in
654 1116 759 1165 urano
774 1115 936 1165 ssovnno
951 1097 1092 1163 Vnmvu
1111 1118 1177 1162 non
1190 1097 1303 1182 pausis

289 1189 398 1255 uerbis
417 1189 545 1274 probat.
581 1210 705 1254 morem
723 1210 800 1253 uero
815 1185 942 1253 Aetolis
961 1185 1072 1270 inissa,
1090 1208 1155 1251 uno
1175 1188 1304 1250 tantum

290 1278 387 1343 modo
410 1277 490 1362 pede
509 1277 654 1343 calceato
672 1278 707 1340 in
725 1276 846 1341 bellurn
864 1276 921 1359 ire,
944 1275 1086 1339 ostandit
1104 1273 1303 1339 clarissimus

265 1366 433 1451 ascriptos
450 1365 644 1431 Evmmoss
668 1364 822 1450 tragicus,
846 1364 879 1428 in
903 1363 995 1428 cuius
1018 1361 1196 1448 tragoedia,
1220 1383 1304 1445 quaa

291 1454 486 1520 srnnnmm
518 1455 719 1534 inscribitur,
752 1454 884 1519 rsuntius
917 1451 1079 1517 inducitur
1111 1450 1304 1533 describens,

292 1566 355 1629 quo
385 1545 520 1630 quisque
543 1543 659 1609 hobitu
681 1542 781 1608 fuerit
803 1565 841 1608 ex
865 1540 1016 1623 ducibus,
1043 1540 1098 1626 qui
1122 1541 1163 1606 sd
1186 1561 1314 1626 aprum,

292 1633 485 1718 capiendum
507 1635 733 1700 conuenerant.
779 1631 814 1697 in
837 1654 875 1697 eo
899 1630 933 1695 hi
956 1652 1070 1695 uersus
1094 1633 1172 1695 sunt
1315 1628 1356 1694 lt

341 1757 499 1842 Τελαμὼν
522 1753 559 1822 δὲ
581 1764 730 1843 χρυσοῦν
753 1757 864 1821 αίετὸν
886 1753 1004 1838 πέλτης
1027 1756 1080 1819 ἔπι

256 1867 280 1907 so
336 1849 511 1930 πρόβλημα
532 1848 654 1928 θηρός,
676 1847 815 1929 βότρυσι
838 1837 869 1908 δ’
896 1845 1032 1919 ἔστεψεν
1054 1842 1155 1925 κάρα,

337 1938 513 2017 Σαλαμῖνα
535 1944 670 2016 κοσμῶν
691 1933 834 2017 πατρίδα
857 1931 918 2014 τὴν
941 1930 1136 2013 εὐείμπελον.

337 2023 510 2104 Κύπριδος
533 2019 570 2086 δὲ
593 2017 707 2106 μίσημ’
727 2017 843 2105 Ἀρκὰς
857 2016 1037 2102 Ἀταλάντη
1061 2019 1163 2095 κύνας

337 2108 392 2176 καὶ
415 2107 481 2189 τόξ’
508 2113 646 2196 ἔχουσα,
668 2108 829 2186 πελέκεως
852 2105 889 2172 δὲ
913 2110 1071 2191 δίστομον

338 2197 440 2282 γένυν
464 2197 577 2264 ἔπαλλ’
595 2197 759 2281 Ἀγκαῖος·
784 2199 819 2263 οί
840 2192 877 2261 δὲ
902 2200 1043 2261 Θεστίου

256 2308 281 2350 rs
337 2288 453 2365 παῖδες
475 2290 512 2353 τὸ
536 2290 631 2352 λαιὸν
655 2293 746 2371 ἴχνος
769 2284 953 2368 ἀνάρβυλοι
975 2286 1094 2368 ποδός,

339 2379 376 2443 τὸ
400 2373 431 2441 δ’
455 2375 492 2441 ἐν
514 2378 676 2455 πεδίλοις,
699 2376 743 2452 ὡς
766 2374 942 2459 ίλαφρίζον
966 2376 1049 2456 γόνυ

341 2467 463 2551 ἔχοιεν,
486 2464 523 2543 ὃς
547 2464 588 2549 δὴ
611 2474 713 2531 πᾶσιν
736 2465 900 2540 Αἰτωλοῖς
922 2465 1031 2547 νόμος.

296 2589 555 2655 animaduertitis
574 2589 824 2674 diligentissimo
843 2587 945 2652 narba
958 2586 1124 2671 Euripidis
1142 2585 1307 2651 sMarone
1319 2585 1362 2650 18

296 2677 449 2744 seruata?
495 2678 542 2742 ait
564 2678 650 2742 enim
674 2678 736 2742 otia

257 2822 284 2861 ro
456 2802 494 2865 τὸ
518 2801 614 2865 λαιὸν
638 2805 729 2884 ίχνος
752 2797 936 2882 ἀνᾶρβυλοτ
959 2798 1061 2872 ποδός

297 2926 330 2988 et
352 2922 489 2989 eundem
512 2923 626 3008 pedem
649 2921 770 2988 nudum
792 2919 959 3006 Vergilius
983 2942 1110 3006 quoque
1133 2919 1217 2985 dixit

618 3046 757 3133 uestigia
780 3044 868 3111 nuda
890 3045 1016 3111 sinistri

457 3136 628 3203 instituere
650 3137 751 3221 pedis.

298 3261 332 3325 in
357 3282 421 3346 qua
440 3261 570 3346 quidem
589 3282 623 3326 re
642 3283 706 3347 quo
725 3259 819 3325 uobis
839 3259 981 3324 studium
1000 3262 1187 3325 nostrorum
1205 3259 1310 3344 magis
1324 3259 1365 3324 19

261 3349 525 3435 asconprobetur,
551 3371 617 3414 non
640 3349 846 3414 reticebimus
870 3370 937 3412 rem
962 3347 1168 3433 paucissimis
1191 3348 1313 3429 uotam,

300 3437 531 3520 reprehensum
546 3437 736 3521 Euripidem
756 3436 797 3501 ab
812 3435 1001 3518 Aristotele,
1020 3435 1075 3520 qui
1095 3435 1314 3521 ignorantiam

300 3526 387 3591 istud
417 3525 584 3611 Euripidis
616 3526 718 3591 fuisse
751 3525 932 3607 contendit,
964 3525 1101 3589 Aetolos
1135 3525 1220 3588 enim
1249 3545 1315 3589 non

373 3705 389 3752 s
408 3698 509 3767 fragm.
528 3699 572 3754 sd.
591 3698 700 3753 Nauck.
720 3702 773 3752 584

373 3855 507 3925 typumi
524 3855 552 3910 P
626 3853 802 3930 astrolsl‘
875 3853 1073 3908 tuuncmsP
1149 3852 1317 3907 tcarul’

302 3934 318 3981 9
333 3932 544 3997 queaeramus
557 3927 713 3983 eruendous't
727 3925 949 3981 Sctrrcs'dews'nus
1004 3924 1114 3978 ΛΕΤΟΝ
1129 3870 1274 3995 stettin(
1289 3923 1317 3977 P

304 4003 337 4051 12
356 3997 562 4067 ΚΛΥΙΠΡΙΔΟ(
581 3998 626 4051 ΔΕ
646 3999 779 4052 ΜΙΕΗΜΑ
798 3997 826 4050 Ρ
884 4000 916 4048 14
934 3996 1018 4060 γένυν
1041 3995 1171 4049 δνέπολλ“
1190 3995 1316 4058 Ἀγκαῖος

303 4068 472 4124 Sctrsdmss
489 4069 729 4137 otsrru.1p.15
788 4069 928 4121 ΑΚΤΛΙΟ(
946 4068 974 4121 1‘
1028 4072 1060 4120 lo
1079 4067 1147 4121 ΤΟΝ
1168 4065 1237 4119 ΔΕΝ
1255 4066 1316 4120 ΠΕ-

304 4140 433 4194 ΔΕΙΛΟΙ(
452 4138 480 4193 Ρ
538 4145 569 4192 17
590 4140 719 4194 ΝΟΜΟΙ(
737 4138 766 4192 Ρ
817 4144 851 4191 20
870 4139 994 4191 thNOC
1015 4139 1059 4204 (in
1076 4153 1132 4191 sne.
1152 4136 1210 4190 uid.
1230 4136 1316 4203 saissa

304 4211 335 4279 Ρ)
353 4210 381 4263 Ρ
432 4210 626 4264 ΛΠΛΡΒΥΛΟΙ
645 4211 673 4262 Ρ
724 4214 757 4261 tt
779 4207 907 4263 sctholos
922 4208 950 4261 P
