3322 5190
699 904 764 960 ιιι
783 910 872 961 ι-ιι
1095 966 1098 973 ,
1228 908 1295 974 573

280 1065 476 1150 respondeat
497 1065 620 1132 laetum
643 1067 796 1151 referens,
819 1088 883 1152 quo
903 1088 924 1132 a
945 1067 1113 1135 ueteribus
1137 1071 1171 1134 et
1192 1071 1294 1155 temp

279 1157 349 1219 tata
372 1157 423 1220 est
440 1157 509 1220 tam
531 1153 674 1220 difficilis
697 1157 732 1220 et
754 1154 873 1221 eileeta
893 1155 1021 1221 diuisio.
1057 1155 1325 1243 Aegyptiorum9

278 1243 362 1307 enim
402 1245 489 1307 retro
526 1241 681 1328 maiores,
712 1264 794 1329 quos
826 1245 956 1309 constat
992 1245 1116 1330 primos
1149 1246 1293 1312 omnium

278 1331 403 1398 eoelum
432 1332 570 1397 serutari
598 1334 632 1397 et
655 1331 762 1398 metiri
785 1354 896 1417 ausos,
917 1337 1091 1420 postquam
1118 1337 1295 1421 perpetuae

251 1421 363 1506 repud
390 1442 425 1486 se
448 1421 634 1487 serenitatis
658 1422 813 1509 obsequio
843 1423 968 1488 eaelum
991 1445 1120 1509 semper
1141 1429 1294 1509 suspeotu

277 1510 378 1576 libero
407 1509 570 1576 intuentes
599 1510 892 1595 deprehenderunt,
918 1510 1079 1578 uniuersis
1107 1512 1161 1579 uel
1188 1514 1293 1581 stellis
1353 1550 1356 1556 ·

277 1599 329 1664 uel
367 1598 529 1664 sideribus
565 1599 676 1664 infixis
704 1599 794 1665 eaelo
828 1599 916 1664 solas
948 1622 1020 1665 oum
1049 1602 1117 1667 sole
1149 1603 1184 1666 et
1215 1601 1295 1667 luna

280 1686 420 1773 quinque
440 1688 553 1752 stellas
572 1692 695 1772 uagari,
717 1709 777 1753 neo
794 1686 855 1752 has
875 1690 984 1753 tamen
1003 1711 1061 1773 per
1079 1711 1192 1757 omnes
1211 1690 1347 1760 eaeli10

277 1779 386 1862 portes
407 1777 531 1861 passim
550 1799 588 1842 ae
606 1777 676 1842 sine
695 1779 784 1842 certa
802 1777 922 1842 erroris
946 1776 995 1842 sui
1014 1777 1086 1864 lege
1104 1778 1294 1864 discurrere,

239 1883 265 1924 ιο
279 1887 453 1950 numquam
469 1865 606 1952 denique
625 1866 667 1931 ad
684 1866 972 1950 septentrionalem
986 1866 1140 1932 uerticem
1156 1865 1295 1944 deniare,

278 1954 531 2129 urerent
555 1953 807 2109 {lilibet
831 1954 1094 2108 11111ξὲ1
1120 1954 1296 2131 ttulit

279 2153 337 2197 nee
361 2153 474 2197 omnes
498 2135 607 2196 tumen
631 2131 678 2197 ire
701 2132 825 2216 pariter
848 2153 886 2198 ae
909 2130 1022 2215 redire,
1045 2131 1101 2196 sed
1119 2132 1201 2196 alies
1219 2131 1295 2198 aliis

280 2219 319 2283 ad
349 2220 487 2285 eundem
514 2220 621 2285 looum
648 2220 818 2303 peruenire
850 2219 1067 2304 temporibus,
1093 2240 1222 2285 rursum
1256 2241 1295 2285 ex

242 2323 268 2363 1⁶
283 2307 334 2372 his
353 2309 434 2372 alias
454 2308 613 2389 aooedere,
636 2311 724 2373 retro
744 2307 799 2394 agi
817 2306 910 2392 alies,
936 2307 1104 2393 uiderique
1123 2311 1211 2373 stare
1227 2330 1295 2373 uon

281 2417 472 2480 numquam:
510 2399 685 2482 postquam
721 2395 817 2480 haee,
852 2396 998 2481 iuquam,
1031 2397 1117 2462 inter
1154 2417 1208 2461 eas
1239 2395 1344 2484 agill

282 2484 447 2569 uiderunt,
470 2488 574 2551 certas
598 2485 660 2551 sibi
683 2489 795 2571 partes
817 2485 1030 2551 decreuerunt
1055 2485 1186 2571 inipso
1209 2485 1294 2552 eireo

282 2574 482 2640 constituere
509 2576 543 2640 et
576 2573 790 2640 diuisionibus
819 2575 988 2661 adnotare,
1015 2577 1053 2641 ut
1075 2579 1164 2641 oerta
1186 2577 1296 2641 essent

283 2663 427 2727 locorum
452 2665 594 2747 nomine,
617 2665 650 2729 in
674 2664 793 2750 quibus
816 2685 872 2729 eas
895 2665 1015 2729 morari
1038 2665 1091 2729 uel
1115 2663 1154 2730 de
1177 2664 1295 2751 quibus

242 2767 269 2805 ²⁰
283 2751 388 2816 exisse
408 2751 448 2816 ad
468 2772 590 2836 quaeue
608 2774 721 2817 rursus
739 2774 809 2818 esse
827 2756 982 2818 uenturas
1001 2757 1035 2818 et
1052 2753 1116 2817 sibi
1134 2754 1168 2817 in
1192 2752 1295 2818 niuem

280 2839 481 2920 nuntiarent,
518 2844 553 2904 et
583 2839 624 2903 ad
651 2844 801 2924 posteros
833 2841 995 2905 noscenda
1026 2841 1294 2907 transmitterent.

281 2927 407 2992 duobus
430 2927 532 3012 igitur
554 2927 644 2992 uasis
668 2929 776 2992 aeneis
799 2929 1013 3013 praeparatis,
1037 2949 1175 3013 quorum
1199 2928 1348 2996 alteri12

280 3014 400 3081 fundus
423 3017 550 3081 eratin
574 3015 705 3082 modum
729 3016 917 3103 clepsydrae
939 3019 1075 3103 foratus,
1097 3016 1186 3102 illud,
1209 3017 1294 3102 quod

280 3108 351 3170 erat
371 3105 546 3191 integrum,
568 3128 707 3172 uacuum
727 3106 935 3173 subiecerunt
952 3107 1050 3192 pleno
1069 3129 1172 3194 aquae
1191 3106 1294 3173 altero

240 3210 266 3251 2⁵
280 3196 486 3281 superposito
515 3196 571 3262 sed
600 3198 708 3261 meatu
733 3201 808 3262 ante
832 3197 969 3282 munito,
993 3200 1026 3264 et
1053 3197 1234 3283 quamlibet
1256 3195 1295 3263 de

279 3284 389 3350 infixis
413 3307 511 3351 uuam
531 3286 748 3351 clarissimam
772 3286 901 3352 stellam
924 3286 1092 3372 lucideque
1115 3286 1295 3352 notabilem

280 3373 436 3439 orientem
477 3374 743 3442 obseruauerunt.
797 3395 880 3459 quae
916 3374 973 3439 ubi
1009 3376 1150 3459 primum
1187 3375 1347 3460 eoepit13

280 3481 458 3547 emergere,
486 3485 563 3528 mox
587 3461 767 3527 munitione
790 3462 951 3528 subducta
972 3462 1192 3547 permiserunt
1219 3463 1295 3529 sub·

279 3550 362 3615 ieeto
401 3550 472 3616 uasi
515 3572 636 3636 aquam
677 3549 854 3636 superioris
885 3549 1032 3631 influere,
1068 3549 1224 3636 fluxitque
1260 3551 1295 3615 in

240 3655 266 3695 ⁸⁰
280 3639 385 3704 noetis
412 3638 516 3724 ipsius
544 3642 578 3704 et
601 3637 705 3704 seouti
729 3637 793 3703 diei
815 3638 927 3718 finem,
954 3639 1053 3723 atque
1076 3639 1110 3703 in
1133 3638 1166 3703 id
1188 3638 1294 3705 noetis

280 3727 452 3812 secundae,
480 3749 577 3812 quum
611 3726 665 3791 diu
698 3726 811 3791 eadem
844 3726 943 3792 stella
970 3725 1010 3790 ad
1043 3728 1150 3792 ortum
1182 3748 1293 3792 rursus

279 3817 462 3880 reuertitur.
508 3836 592 3900 quae
619 3815 677 3879 ubi
700 3835 856 3900 apparere
877 3816 934 3882 uix
957 3813 1077 3900 eoepit,
1107 3836 1183 3879 mox
1206 3835 1290 3900 aqua
1305 3812 1346 3880 14

351 3990 582 4060 Megrptrorum
601 3989 629 4042 Β
690 3988 796 4059 boput
815 3987 854 4042 P‘
914 3987 1073 4057 obsequio*
1093 3986 1121 4041 P
1178 3987 1292 4043 ouum·

280 4059 366 4114 uersus
380 4056 417 4114 R
501 4064 534 4114 11
554 4059 595 4114 let
613 4060 640 4113 B
719 4056 1103 4129 tratemundum?
1175 4070 1250 4128 agr*
1268 4057 1297 4114 P

281 4135 314 4184 16
328 4138 416 4196 rnqub
428 4147 480 4186 om.
496 4128 535 4184 P'
581 4135 616 4185 13
632 4128 799 4203 oleplhydre
814 4130 843 4185 P
862 4129 1023 4203 oleplbrdrp
1036 4129 1065 4185 B
1109 4132 1145 4183 ss
1157 4127 1293 4199 integrius

280 4202 308 4256 r>
372 4208 406 4257 ιι
425 4201 533 4258 monuo
552 4200 588 4256 r*
658 4206 693 4255 ee
712 4171 851 4254 narrari
920 4206 953 4255 ιι
974 4206 998 4256 a
1016 4204 1050 4255 es
1069 4201 1147 4273 eppa
1164 4200 1193 4256 a
1258 4204 1293 4254 ao

281 4272 404 4342 sequnnr
421 4275 455 4344 P,
474 4276 488 4327 t
506 4273 565 4328 euti
582 4274 682 4344 oddp
735 4289 765 4326 ιιι
783 4271 812 4326 rd
831 4270 917 4342 usque
932 4271 968 4327 ad
982 4288 1148 4343 prrueuprnm
1163 4269 1254 4326 uootrl
1267 4269 1296 4324 P
