3322 5190
385 824 451 890 464
773 826 850 883 ΒΔΤ.
870 826 967 882 LlBRl
986 825 1037 880 Vll

333 985 377 1049 20
387 987 494 1049 tactus
513 986 662 1070 rigorem.
707 986 768 1051 hcc
788 990 936 1051 cessante
961 987 1049 1051 uisus
1068 984 1218 1049 inefficax
1237 989 1288 1048 est
1310 983 1399 1065 adeo,

387 1077 424 1138 ut
442 1073 527 1157 quod
545 1094 652 1137 remus
671 1074 706 1138 in
725 1096 810 1158 aqua
828 1073 950 1139 fractus
969 1074 1105 1153 uidetur,
1123 1073 1174 1136 uel
1194 1072 1281 1153 quod
1299 1072 1398 1135 turris

386 1160 512 1224 eminus
535 1162 620 1246 uisa,
649 1183 721 1226 cum
749 1163 793 1225 sit
821 1162 993 1246 angulosa,
1020 1162 1159 1225 rotunda
1186 1160 1398 1239 existimatur,

386 1247 485 1313 iaciat
521 1249 658 1314 rationis
695 1251 914 1335 neglegentia,
950 1271 1033 1336 quae
1074 1250 1102 1313 si
1139 1269 1173 1313 se
1209 1247 1397 1324 intenderit,

333 1336 374 1401 21
386 1338 537 1422 agnoseit
554 1339 587 1402 in
610 1341 698 1403 turre
718 1340 857 1424 angulos
881 1340 966 1404 etin
989 1360 1078 1403 remo
1097 1336 1329 1421 integritatem.
1366 1346 1398 1400 et
1425 1356 1439 1395 s

386 1426 495 1491 omnia
524 1426 582 1492 illa
609 1427 777 1512 discernit,
806 1450 888 1513 quae
916 1428 1117 1494 Academicis
1141 1425 1397 1492 damnandorum

386 1535 538 1579 sensuum
584 1515 786 1581 occasionem
829 1517 998 1581 dederuut:
1040 1539 1111 1581 eum
1158 1537 1270 1579 seusus
1315 1515 1398 1578 inter·

386 1604 582 1669 certissimas
612 1627 663 1669 res
696 1604 836 1670 habendi
866 1607 932 1670 siut
964 1606 1140 1670 eomitante
1176 1605 1315 1682 ratione,
1345 1601 1396 1666 cui

385 1713 450 1755 uon
474 1713 650 1775 numquam
680 1694 720 1757 ad
744 1694 986 1758 discernendam
1015 1694 1154 1776 speciem
1182 1714 1247 1756 non
1275 1690 1396 1755 sufficit

332 1777 501 1843 22sensus
538 1803 629 1845 nnus.
679 1804 754 1845 nam
790 1784 817 1846 si
854 1782 979 1845 eminus
1016 1782 1119 1864 pomi,
1155 1779 1240 1864 quod
1274 1781 1395 1843 malum
1411 1799 1437 1837 ro

387 1866 515 1949 dicitur,
537 1868 643 1949 ligura
666 1869 800 1949 uisatur,
823 1889 888 1932 non
908 1869 995 1932 omni
1020 1868 1115 1931 modo
1139 1868 1171 1930 id
1196 1867 1317 1931 malum
1337 1875 1396 1946 est,

386 1952 495 2037 potuit
517 1953 602 2018 enirn
633 1955 803 2037 exaliqua
831 1955 967 2019 materia
995 1955 1073 2038 fingi
1102 1953 1179 2018 mali
1207 1953 1393 2017 similitudo.

387 2038 593 2105 aduocandus
623 2046 673 2106 est
699 2044 798 2127 igitur
826 2065 939 2107 sensus
967 2042 1061 2122 alter,
1093 2049 1130 2105 ut
1159 2041 1238 2104 odor
1267 2041 1393 2105 iudicet.

386 2127 442 2193 sed
464 2129 571 2213 potuit
594 2130 679 2194 iuter
706 2131 888 2214 eorrgoriem
925 2132 1082 2196 mulorum
1112 2132 1253 2215 positum
1282 2152 1393 2194 auram

385 2215 493 2282 odoris
517 2218 619 2302 ipsius
643 2219 837 2304 concepisse.
884 2221 935 2284 liic
965 2224 1071 2285 tuctus
1095 2219 1308 2284 consulendus
1337 2227 1434 2300 ost,1s

385 2307 439 2391 qui
471 2313 580 2390 potest
607 2308 646 2372 de
678 2309 818 2392 pondere
846 2309 996 2374 iudicare.
1048 2311 1103 2372 sed
1132 2314 1236 2372 motus
1265 2313 1328 2389 est,
1355 2331 1394 2372 ne

384 2395 509 2478 etipse
533 2395 673 2480 fallatur,
697 2399 724 2461 si
749 2397 848 2462 fallax
868 2399 974 2483 opifex
999 2398 1178 2480 materiem,
1200 2418 1282 2481 quaa
1305 2399 1395 2481 pomi

383 2483 511 2567 pondus
544 2485 740 2570 imitaretur,
772 2488 880 2572 elegit.
931 2486 1180 2570 confugiendum
1215 2491 1264 2550 est
1294 2486 1395 2571 igitur

383 2571 424 2637 ad
451 2595 614 2658 soporem,
643 2577 697 2659 qui
730 2577 758 2640 si
790 2576 914 2641 formae
948 2577 1142 2659 consentiat,
1170 2576 1292 2639 malum
1324 2596 1395 2639 esse

332 2659 374 2724 23
385 2660 477 2726 nulla
499 2662 660 2729 dubitatio
684 2669 741 2730 est.
788 2666 834 2729 sic
858 2665 1022 2748 probatur,
1046 2665 1223 2729 el'fieuoium
1242 2686 1394 2728 sensimus
1409 2686 1435 2724 so

384 2750 422 2816 de
445 2752 570 2816 ratione
599 2754 745 2837 pendere.
795 2755 867 2818 ideo
898 2755 975 2818 dens
1004 2755 1110 2837 opifex
1139 2776 1251 2818 onmes
1281 2777 1393 2817 sensus

382 2839 552 2926 incapite,
576 2843 608 2906 id
633 2848 682 2907 est
705 2845 789 2908 circa
813 2845 920 2909 sedem
944 2844 1089 2925 rationis,
1117 2842 1260 2907 locauit'

328 2926 389 2991 XV
472 2930 533 2994 His
561 2931 656 2995 dictis
689 2933 783 2996 fauor
811 2934 851 2996 ab
881 2934 1030 2996 omnibus
1058 2936 1187 2995 exortus
1216 2935 1265 2994 est
1293 2932 1392 2994 admi·

383 3016 528 3081 rentibus
558 3019 718 3082 dictorum
748 3020 947 3083 soliditatem
971 3021 1065 3099 odeo,
1094 3027 1129 3082 ut
1157 3020 1311 3082 adtestari
1340 3021 1391 3080 uel

381 3103 487 3185 ipsum
511 3105 713 3189 Euangelurn
736 3130 802 3170 non
826 3109 961 3191 pigeret.
1009 3106 1157 3169 Diserius
1181 3106 1292 3169 deinde
1317 3109 1390 3168 suli·
1406 3127 1431 3165 n

381 3191 457 3256 iecit
487 3192 558 3257 ‘isti
582 3195 713 3278 plausus
744 3200 832 3276 suut,
860 3197 913 3277 qui
942 3199 1120 3278 prouocaut
1150 3193 1390 3277 philosophiam

381 3279 422 3343 ud
443 3281 650 3347 uindicandos
671 3285 734 3347 sibi
749 3284 787 3347 do
802 3285 909 3348 aliena
923 3289 992 3347 arte
1007 3288 1174 3365 tractatus,
1194 3282 1274 3345 uude
1295 3304 1390 3364 saepe

381 3370 571 3435 manifestos
600 3372 734 3436 incurrit
766 3395 897 3437 errores.
945 3377 980 3436 ut
1009 3373 1129 3435 Puero
1163 3378 1280 3452 uester,
1313 3371 1389 3434 dum

381 3479 438 3522 neo
462 3463 659 3546 anatomice,
688 3485 770 3546 (pirae
794 3462 970 3527 medicinae
993 3462 1124 3545 propriu
1148 3465 1209 3538 est,
1237 3461 1390 3542 obstinet,

350 3546 482 3611 2risum
511 3549 550 3612 de
581 3573 614 3613 so
648 3552 787 3635 posteris
816 3551 956 3615 tradidit.
1012 3551 1092 3613 dixit
1124 3551 1208 3613 enim
1242 3549 1431 3613 diuisass

382 3658 466 3700 esse
485 3639 569 3702 nius
593 3639 824 3704 deuoremlis
844 3640 988 3703 cibatui
1010 3644 1047 3703 et
1066 3640 1190 3724 potui,
1209 3644 1245 3702 et
1263 3639 1388 3702 cibum

380 3725 529 3807 quidem
553 3751 618 3812 per
642 3730 881 3794 stomachum
906 3729 1024 3813 trahi,
1046 3735 1175 3812 potum
1204 3751 1293 3792 uero
1323 3750 1389 3811 per

380 3812 555 3898 ἀρτηρίαν,
588 3842 682 3903 quae
710 3831 844 3905 conpeta
868 3820 1024 3902 (licitur,
1053 3819 1168 3882 libris
1197 3818 1388 3900 pulmonis

451 3983 484 4028 28
504 3976 537 4031 cf.
558 3977 688 4031 'l'imuous
708 3996 733 4045 p.
755 3983 788 4030 70
807 3977 831 4028 Α

427 4078 429 4081 v
450 4079 679 4187 cintello-genna
695 4118 723 4170 P
771 4126 787 4171 6
801 4117 908 4171 aelredo
921 4120 924 4187 Ι
937 4116 1034 4170 miscis
1045 4116 1208 4184 depilando}
1221 4116 1247 4167 Ρ
1297 4122 1327 4167 11
1346 4115 1385 4184 ull

380 4187 438 4242 uim
453 4199 495 4248 ÷.
528 4189 756 4258 Poturtq.eniP
797 4192 829 4240 31
846 4188 958 4242 urlalP
1000 4185 1208 4242 startonanP
1242 4186 1390 4240 traehrol'
