3322 5190
326 800 392 864 418
701 798 778 854 ΕΔΤ.
798 797 895 853 LIBRI
915 799 965 854 l’ll

328 965 392 1045 est,
425 964 461 1026 ut
487 960 640 1026 discenda
667 960 845 1045 praecipiat
872 996 914 1007 —
944 983 1017 1026 eum
1045 962 1172 1043 uideas,
1199 961 1343 1046 inquam,

329 1071 447 1135 auceps
474 1070 545 1114 esse
568 1071 662 1114 omae
686 1053 898 1113 scommatum
922 1071 1039 1134 genus,
1067 1050 1187 1115 suadeo
1210 1050 1244 1112 iu
1269 1070 1343 1113 con·

328 1138 436 1221 niuiis,
458 1137 492 1202 in
511 1138 629 1222 quibus
648 1137 792 1202 laetitiae
811 1136 1059 1222 insidiaturus,
1078 1139 1118 1204 ab
1138 1138 1234 1203 huius
1254 1137 1342 1202 modi

329 1226 423 1293 dictis
456 1226 596 1293 facessas
629 1231 662 1291 ct
694 1227 797 1311 magis
829 1228 1035 1310 quaestiones
1069 1227 1256 1293 conuiuales
1291 1227 1342 1291 uel

277 1316 902 1471 24iimlddidruiirelndriseutiiriiriiuarit
925 1317 1176 1470 efudiistdfdldd
1199 1320 1342 1469 dideiersi:
1369 1337 1383 1377 ⁵

329 1429 438 1577 leliqua
461 1427 690 1574 conscripserif
712 1495 746 1554 et
769 1453 962 1557 Plularohus
987 1498 1019 1556 et
1042 1499 1151 1558 uester
1174 1427 1343 1576 Apuleius,

328 1579 672 1734 alzeecnclptntemuendum
687 1579 739 1662 sit,
755 1580 839 1663 quod
855 1583 905 1643 tot
919 1581 1220 1664 philosophantium
1231 1601 1341 1645 euram

277 1791 346 1857 1111
418 1790 463 1855 Et
494 1790 720 1855 Praetextatus
759 1789 832 1854 ‘boe
871 1792 1096 1874 quaestionum
1129 1812 1232 1876 genus
1267 1811 1339 1855 eum
1357 1812 1383 1851 aa

330 1879 464 1946 senilem
502 1879 615 1943 deceat
650 1879 801 1960 aetatem,
840 1900 897 1943 cur
929 1879 990 1943 soli
1023 1881 1133 1944 iuueni
1166 1879 1341 1944 suadetur?

331 1967 409 2053 quin
433 1966 528 2051 agite,
552 1988 663 2031 omnes
685 1969 740 2051 qui
760 1966 880 2030 adestis
900 1967 962 2047 hic,
985 1972 1062 2047 apta
1080 1967 1229 2031 conuiuio
1249 1966 1341 2030 fabu-

331 2057 449 2141 lemur,
476 2077 534 2120 nee
561 2055 600 2119 de
624 2055 733 2119 cibatu
757 2058 884 2120 tantum
909 2055 964 2121 sed
989 2061 1022 2122 et
1045 2057 1138 2141 siqua
1160 2056 1199 2120 de
1223 2059 1342 2122 natura

331 2167 502 2230 corporum
526 2144 578 2209 uel
603 2145 680 2227 alia,
709 2149 879 2228 praesente
903 2147 1040 2210 murima
1064 2145 1194 2211 Disurio
1218 2150 1341 2228 nostro,

331 2234 421 2301 cuius
444 2234 617 2320 plurimum
643 2233 682 2299 ad
703 2233 764 2300 hoo
783 2256 884 2320 genus
904 2237 1129 2319 quaestionum
1149 2236 1270 2319 poterit
1288 2258 1340 2301 ars
1357 2257 1383 2296 is

332 2330 365 2390 et
387 2325 536 2390 doctriua
559 2324 717 2408 conferre,
743 2325 989 2408 sortiamurque,
1012 2325 1040 2389 si
1065 2325 1201 2404 uidetur,
1225 2330 1261 2387 ut
1283 2346 1342 2408 per

331 2413 477 2479 ordinem
513 2434 597 2476 unus
635 2413 770 2497 quisque
807 2417 981 2497 proponat,
1018 2436 1114 2498 quam
1150 2412 1340 2477 soluendam

331 2501 485 2568 aestimat
508 2499 752 2585 quaestionem'

302 2593 323 2658 2
426 2589 489 2654 Hie
518 2588 645 2653 adsensi
673 2610 787 2653 omnes
811 2587 1018 2653 Praetextato
1043 2590 1264 2674 anteloquium
1288 2590 1340 2654 de·

332 2681 477 2745 tulerunt
500 2682 629 2742 orantes
653 2682 698 2759 ut,
721 2700 792 2741 curu
812 2677 881 2761 ipse
900 2679 1068 2761 coepisset,
1093 2680 1208 2743 ceteris
1229 2701 1267 2742 ex
1286 2680 1341 2743 filo
1357 2699 1383 2738 ao

332 2768 582 2834 consultationis
610 2767 679 2830 eius
708 2767 928 2850 interrogandi
957 2771 1210 2831 constitueretur
1238 2789 1341 2830 exeru-

301 2860 431 2942 3plum.
482 2863 549 2921 turn
583 2856 638 2920 ille
671 2854 813 2940 ‘quaero'
846 2857 951 2940 inquit
983 2856 1101 2920 ‘utrum
1135 2857 1272 2939 simplex
1300 2879 1341 2920 au

332 2947 502 3029 multiplex
526 2946 615 3009 cibus
640 2945 769 3029 digestu
793 2945 836 3008 sit
855 2946 989 3026 facilior,
1013 2946 1088 3027 quia
1108 2947 1227 3009 multos
1247 2945 1342 3028 huno,

331 3058 397 3099 nou
426 3034 532 3097 nullos
560 3035 650 3096 illum
681 3036 840 3096 sectantes
868 3034 1023 3097 uidemus.
1072 3039 1104 3097 et
1133 3039 1182 3098 est
1211 3034 1341 3117 quidem

332 3122 472 3205 superba
487 3127 519 3184 et
533 3127 706 3184 contumax
722 3127 754 3184 et
768 3122 856 3184 uelut
866 3125 915 3184 sui
928 3124 1120 3185 ostentatrix
1132 3124 1341 3202 coutinentia,
1357 3142 1383 3182 aa

332 3217 446 3277 contre
472 3232 640 3273 amoenam
666 3232 700 3272 se
725 3214 757 3272 et
780 3231 902 3272 comem
927 3210 1114 3292 adpetentia
1138 3212 1208 3274 uiilt
1232 3211 1341 3274 uideri.

333 3323 405 3364 oum
438 3320 515 3383 ergo
549 3321 612 3362 uua
644 3298 792 3361 censoria
825 3299 881 3377 sit,
914 3303 1026 3362 contra
1059 3299 1198 3363 delicata
1232 3299 1343 3382 altera,

333 3390 415 3453 scire
445 3387 590 3471 equidem
616 3388 724 3469 uelim,
752 3408 833 3470 quae
858 3388 1034 3450 seruandae
1058 3391 1166 3471 elatior
1189 3389 1233 3452 sit
1257 3389 1340 3451 saui-

333 3478 402 3541 tati.
449 3498 507 3540 nee
531 3477 627 3560 longe
652 3476 806 3558 petendus
831 3476 978 3538 adsertor
1002 3481 1065 3558 est,
1097 3499 1168 3540 cum
1193 3476 1341 3541 Disarius

334 3567 432 3649 adsit,
469 3565 523 3648 <qui
561 3565 636 3647 quid
670 3565 841 3627 couueuiat
873 3566 1062 3648 corporibus
1095 3566 1244 3629 humanis
1277 3586 1384 3627 noum

333 3656 440 3718 minus
468 3653 564 3718 callet
592 3675 688 3737 quain
713 3654 783 3735 ipsa
807 3656 923 3716 natura
946 3653 1088 3717 fabricae
1112 3654 1205 3717 buius
1230 3658 1343 3718 auctor

334 3747 367 3805 et
389 3742 509 3807 nutrix.
552 3743 637 3805 dicas
663 3763 739 3824 ergo
764 3741 871 3823 uelim,
896 3741 972 3824 quid
996 3742 1034 3805 de
1059 3741 1119 3806 boc
1143 3743 1226 3826 quod
1246 3764 1342 3825 quoe-

334 3831 416 3893 titur
440 3830 616 3894 medicinae
641 3831 724 3893 ratio
750 3828 959 3912 persuadeat?

300 3930 322 3992 4
423 3917 469 3982 ‘Si
498 3918 561 3980 me’
585 3919 732 3982 Discrius
761 3919 864 4001 inquit
894 3916 1023 4002 ‘aliquis
1053 3942 1090 3982 ex
1119 3920 1212 4004 plebe
1243 3920 1342 4001 impc-

404 4097 420 4146 8
439 4092 643 4164 coultepnendir
663 4094 690 4146 P
742 4098 773 4145 12
794 4093 851 4165 bie]
871 4091 923 4168 bpc
944 4094 972 4148 P
1027 4101 1058 4149 lu
1075 4094 1227 4152 sortiamur.
1244 4093 1303 4167 (lup
1319 4094 1347 4147 P

332 4164 542 4239 compostel>
593 4166 792 4239 ‘btuurpuaP
