3322 5190
726 921 777 976 XV
796 925 902 977 ιιι-29
1257 921 1323 988 641

308 1086 373 1154 alia
394 1107 461 1151 non
483 1106 626 1167 mouere,
654 1106 718 1150 non
743 1087 873 1150 constat
894 1084 989 1169 illud,
1016 1088 1054 1150 ut
1076 1084 1213 1174 aliquid,
1235 1087 1322 1173 quod

308 1179 440 1242 moueat
469 1196 529 1239 nec
561 1177 672 1239 tamen
703 1177 887 1257 moueatur,
918 1173 1075 1239 inuenies.
1128 1175 1189 1241 illa
1220 1173 1376 1261 igiturtb

309 1265 413 1350 magis
439 1262 607 1348 probanda
634 1266 685 1327 est
712 1263 746 1327 in
774 1262 898 1328 decimo
927 1262 966 1327 ds
991 1262 1118 1348 legibus
1142 1285 1162 1329 a
1185 1263 1324 1332 Platone

309 1358 454 1420 motuum
482 1352 613 1436 prolata
641 1351 767 1417 diuisis.
814 1350 937 1416 omnis
966 1356 1091 1417 motus
1120 1352 1229 1438 inquit
1257 1356 1325 1419 aut

282 1446 349 1508 sot
384 1462 423 1508 se
454 1445 584 1507 mouet
617 1444 654 1506 et
677 1439 756 1505 alia
789 1443 855 1506 aut
887 1439 933 1505 ab
966 1440 1045 1506 alia
1078 1446 1255 1507 mouetur
1287 1446 1324 1507 et

309 1531 388 1598 alia
418 1533 554 1597 mouet.
604 1535 637 1595 et
663 1530 753 1615 prior
781 1529 821 1594 ad
850 1529 1005 1615 animam,
1037 1528 1079 1596 ad
1107 1530 1218 1596 omnia
1245 1551 1323 1596 uero
1419 1569 1422 1574 ,

309 1641 446 1706 corpora
481 1618 640 1686 secundus
673 1618 819 1684 refertur.
874 1617 910 1683 bi
942 1640 1020 1704 ergo
1054 1619 1117 1686 duo
1150 1622 1260 1686 motus
1292 1624 1325 1686 et

310 1708 489 1775 differentia
507 1710 701 1794 separantur
720 1711 753 1773 et
771 1708 926 1774 societate
944 1707 1132 1794 iunguntur,
1155 1731 1324 1775 commune
1350 1707 1353 1712 ’

309 1798 372 1864 hoc
398 1799 534 1884 habent,
562 1797 647 1883 quod
675 1799 709 1862 et
737 1796 824 1882 prior
852 1800 885 1862 et
912 1797 1071 1863 secundas
1094 1800 1229 1864 monent
1251 1799 1324 1886 alia,

271 1888 372 1955 roboc
399 1892 506 1954 cutm
534 1887 701 1968 differunt,
729 1886 814 1972 quod
843 1886 898 1951 illo
926 1908 1004 1953 ass
1027 1886 1081 1953 hic
1104 1887 1146 1953 ab
1169 1888 1234 1954 alio
1258 1910 1325 1954 mo

310 1981 411 2043 uetur.
457 1999 496 2042 ex
523 1977 574 2041 his
602 1975 768 2059 omnibus,
796 1997 878 2061 quas
904 1978 996 2041 eruta
1019 1975 1058 2040 ds
1081 1975 1324 2043 Platonicorum
1334 1978 1378 2044 26

310 2086 461 2131 sensuum
498 2064 695 2131 fecunditata
733 2063 939 2150 collegimus,
975 2065 1126 2130 constitit
1156 2085 1223 2131 non
1255 2086 1326 2130 esse

310 2175 435 2238 uerum,
467 2153 577 2217 omnia
604 2174 685 2237 quas
714 2156 885 2217 mouentur
913 2153 953 2216 ab
982 2152 1048 2217 alio
1076 2154 1215 2237 moueri,
1248 2174 1326 2238 ergo

311 2263 370 2306 nec
401 2241 596 2327 principium
629 2243 737 2304 motus
766 2240 805 2305 ad
835 2239 1069 2323 deprecandam
1097 2240 1231 2306 alterius
1259 2263 1326 2305 mo·

274 2349 300 2391 rs
314 2329 422 2395 uentis
462 2328 690 2394 necessitatem
732 2330 818 2393 stare
854 2327 992 2411 dicetur,
1033 2328 1109 2412 quia
1144 2330 1256 2414 potest
1292 2349 1326 2393 sa

312 2420 433 2506 ipsum,
461 2421 499 2484 ut
521 2417 674 2497 diximus,
697 2439 828 2484 mouera
852 2417 918 2484 alio
940 2439 1007 2484 non
1031 2421 1192 2484 monente.
1237 2440 1326 2484 onor·
1336 2418 1378 2484 2'1

313 2513 410 2576 uatus
440 2510 492 2574 est
518 2507 618 2594 igitur
646 2508 871 2595 syllogismus,
903 2529 999 2594 quom
1026 2508 1207 2594 praemissa
1233 2507 1327 2574 uaria

314 2603 348 2665 st
370 2597 544 2684 multiplici
567 2598 725 2665 diuisione
749 2598 932 2685 collegerat,
954 2596 987 2663 id
1010 2600 1062 2664 est
1080 2599 1207 2665 anima.
1224 2598 1328 2685 prin·

314 2687 458 2774 cipium
495 2690 621 2754 motus
658 2692 731 2767 ert,
766 2687 1000 2773 principium
1038 2691 1163 2754 autem
1201 2691 1327 2755 motus

274 2799 388 2843 canon
439 2781 629 2861 mouetur,
680 2777 803 2863 igitur
853 2776 980 2842 anima
1024 2799 1097 2844 non
1145 2779 1328 2842 mouetur.

315 2869 430 2950 restat,
457 2869 495 2931 ut
523 2866 599 2950 quia
626 2866 775 2930 constitit
800 2887 895 2949 posse
919 2865 1041 2950 aliquid
1064 2888 1122 2950 per
1144 2886 1179 2930 se
1203 2866 1328 2931 moueri

315 2955 379 3020 alio
407 2975 473 3019 non
503 2957 667 3037 mouente,
696 2954 838 3018 animam
865 2954 928 3019 hoc
953 2975 1024 3019 esse
1047 2952 1215 3039 doceatur,
1242 2952 1328 3039 quod

315 3043 410 3108 facile
443 3043 623 3128 docebitur,
656 3042 684 3107 si
716 3041 754 3108 de
787 3043 969 3108 manifestis
998 3044 1032 3106 et
1059 3041 1328 3108 indubitabilibus

315 3141 506 3219 argurnonta
551 3155 726 3199 surnarnns.
790 3132 914 3198 lrornini
955 3135 1080 3197 motum
1123 3134 1180 3198 aut
1221 3131 1382 3199 anima28

275 3243 302 3284 aa
316 3225 463 3311 praestat
495 3228 551 3290 aut
585 3246 700 3310 corpus
734 3227 791 3289 aut
823 3223 862 3289 do
893 3224 1031 3310 utroquo
1063 3221 1243 3308 permixtio.
1297 3225 1330 3288 et

317 3314 393 3400 quia
414 3314 479 3381 tria
502 3318 587 3399 sunt,
610 3314 649 3379 de
673 3314 789 3399 quibus
808 3312 976 3399 inquisitio
996 3311 1060 3378 isla
1076 3312 1233 3401 procedit,
1256 3334 1329 3379 cum

315 3426 418 3489 neque
452 3425 471 3469 a
499 3426 635 3489 corpore
662 3425 766 3488 neque
795 3426 815 3468 a
841 3401 1056 3487 permixtione
1083 3403 1242 3487 praestari
1268 3402 1331 3468 hoc

315 3515 411 3578 posse
429 3493 623 3572 eonstiterit,
646 3495 758 3578 restat,
778 3495 814 3557 ut
831 3494 872 3557 ab
893 3493 1003 3557 anima
1021 3492 1146 3556 moueri
1165 3491 1330 3556 hominem

316 3582 407 3647 nulla
435 3582 596 3648 dubitatio
626 3581 677 3647 sit
723 3603 807 3646 nunc
838 3580 876 3646 ds
905 3580 1043 3667 singulis
1067 3603 1105 3646 ac
1129 3581 1269 3665 primum
1291 3581 1383 3648 ‹1029

276 3690 303 3730 ao
317 3693 450 3756 corporo
491 3671 670 3754 loquamur.
730 3670 855 3734 nullom
898 3670 1077 3735 inanimum
1117 3691 1234 3753 corpus
1271 3692 1330 3736 suo

317 3763 408 3825 rnatu
432 3760 554 3824 moueri
579 3759 780 3824 manifestius
805 3761 855 3822 est
876 3779 974 3843 quam
992 3761 1031 3822 ut
1049 3756 1261 3824 adserendum
1279 3757 1332 3838 sil,

317 3875 530 3884 m*-

389 3937 452 4001 rp.
472 3931 565 3987 sara

318 4033 533 4043 ———--—-

392 4090 522 4157 lautB
576 4093 660 4144 baut
679 4088 751 4144 leB
811 4083 1022 4145 soumanoP'
1079 4086 1333 4144 lodontsdrffe·

320 4161 385 4215 runt
402 4177 454 4216 cm.
474 4159 511 4214 P'
578 4159 801 4215 1·lmoucnt1P
864 4165 896 4214 15
916 4158 1026 4214 dicetur
1043 4159 1115 4213 ltare
1134 4162 1162 4213 B
1217 4161 1250 4213 l‘l
1270 4158 1335 4213 lrlo·

341 4230 425 4284 rimus
441 4231 469 4285 B
551 4238 584 4286 18
604 4231 751 4300 collegerit
770 4231 798 4284 P
862 4229 1185 4285 22hocslsoan1mnm
1203 4230 1231 4284 B
1299 4233 1334 4284 24

320 4249 460 4355 lumamnl
470 4306 638 4371 argumento
652 4304 731 4371 (corr.
745 4317 779 4357 ca
793 4301 1037 4371 argumentum)B
1078 4306 1110 4355 81
1122 4299 1296 4355 afferendum
1308 4301 1335 4354 B

374 4401 398 4440 M
402 4411 503 4442 nnnnnnn
505 4412 516 4443 s
1086 4393 1120 4443 41
