3322 5190
519 806 560 863 111
578 812 683 864 14-28
1045 811 1111 877 411

97 968 154 1053 sit,
180 969 267 1054 quod
294 969 425 1036 illorum
449 990 585 1034 censura
608 969 747 1035 libenter
770 971 922 1056 accipiat,
948 976 988 1038 ut
1010 974 1110 1059 siquis
1124 980 1164 1045 19

97 1056 335 1125 adolescentem
358 1080 465 1125 coram
491 1057 682 1143 parentibus
704 1059 755 1123 uel
775 1061 941 1146 magistris
960 1061 1110 1142 inrideat,

97 1146 185 1232 qued
211 1146 352 1213 insanire
378 1147 484 1233 possit
512 1147 674 1213 continuis
705 1147 827 1233 uigiliis
851 1149 1111 1255 lectionibusque

98 1235 281 1320 nocturnis,
319 1239 376 1300 aut
408 1257 507 1301 uxore
541 1239 724 1321 praesente,
759 1237 845 1322 quod
877 1240 978 1305 etnlte
1010 1239 1111 1307 faerat

71 1323 246 1391 suxerinm
269 1346 304 1390 se
325 1324 511 1410 praebendo
534 1345 593 1390 nee
615 1324 716 1390 ullam
741 1325 937 1412 elegantiam
961 1328 1110 1415 eligendo

97 1412 282 1480 formarum.
328 1413 408 1480 haec
435 1413 523 1479 enim
552 1416 586 1477 et
612 1414 647 1478 in
675 1435 757 1498 quos
784 1413 937 1482 dicuntur
964 1419 998 1483 et
1019 1441 1110 1503 prae·

97 1504 206 1569 sentes
234 1501 398 1568 hilaritate
425 1500 631 1588 perfundunt
677 1503 884 1569 commendat
909 1527 1053 1572 scomma
1076 1510 1110 1573 et
1119 1512 1163 1578 20

96 1590 244 1659 condicio
269 1592 419 1676 dicentis,
447 1592 476 1656 si
499 1591 534 1656 in
557 1590 669 1655 eadem
692 1613 790 1657 eausa
813 1592 870 1677 sit,
897 1596 934 1659 ut
956 1594 984 1660 si
1008 1596 1119 1661 alium*

98 1680 137 1745 de
156 1683 346 1764 paupertate
365 1701 488 1764 pauper
506 1679 655 1763 inrideat,
678 1679 706 1743 si
726 1680 863 1745 obscure
880 1684 994 1747 natum
1012 1687 1109 1749 natus

58 1769 241 1835 mobscure.
277 1790 352 1833 nam
374 1769 539 1833 'furseus
561 1766 748 1850 Amphies
772 1790 846 1833 eum
871 1791 909 1834 ex
932 1768 1108 1838 hortulano

96 1860 212 1943 potens
249 1860 348 1942 esset,
384 1861 418 1922 et
455 1857 487 1920 in
523 1855 661 1920 enricum
694 1854 788 1940 quasi
820 1855 1011 1942 degenerem
1043 1881 1110 1926 non

97 1944 188 2011 nulla
215 1943 364 2032 dixisset,
396 1967 470 2010 mox
498 1944 636 2010 subiecit
663 1944 728 2009 sed
756 1948 795 2009 et
821 1966 890 2011 nos
919 1947 962 2011 de
990 1947 1110 2015 isdem

97 2032 309 2101 seminibus
343 2057 487 2121 sumus,
521 2037 555 2099 et
586 2054 698 2098 omnes
731 2034 854 2118 pariter
887 2036 990 2102 laetos
1022 2039 1111 2105 feeit.

97 2123 156 2189 illa
190 2146 268 2189 uero
302 2127 482 2190 scommata
513 2123 635 2188 directa
667 2123 794 2187 laetitia
825 2146 912 2209 enm,
948 2127 981 2190 in
1015 2134 1161 2212 quem2l

58 2212 261 2294 rselicuntur,
288 2212 474 2296 infundunt,
502 2211 529 2276 si
559 2211 663 2275 uirum
687 2211 805 2276 fortem
829 2211 993 2298 uituperes
1017 2219 1111 2300 qnasi

100 2300 216 2368 salutis
239 2321 315 2366 strae
339 2301 512 2388 prodigum
537 2304 569 2364 ct
586 2321 646 2384 pro
665 2299 737 2363 eliis
757 2303 838 2365 mori
857 2302 1031 2389 uolentem,
1055 2309 1112 2370 aut

99 2389 127 2455 ei
157 2388 313 2457 obieceris
342 2391 484 2475 liberali,
511 2388 595 2476 quod
626 2410 676 2454 res
705 2411 781 2454 suus
804 2390 980 2475 profundet
1003 2394 1110 2461 minus

100 2478 163 2545 eibi
195 2502 292 2567 quam
326 2480 398 2546 aliis
431 2478 638 2546 coneedendo.
689 2478 735 2543 sic
765 2482 798 2544 et
825 2479 988 2566 Diogenes
1015 2481 1110 2550 Anti·

99 2569 246 2636 sthenem
278 2568 449 2656 Cynicum,
482 2571 675 2656 magistrum
708 2590 815 2653 sunm,
848 2571 976 2637 solebat
1006 2574 1109 2639 ueluti

59 2660 313 2742 muituperando
351 2658 491 2724 laudare.
546 2661 629 2742 ipse
666 2679 720 2722 me
753 2658 862 2724 aiebat
894 2661 1108 2728 mendicum

100 2747 196 2813 iecit
227 2769 269 2812 ex
302 2746 437 2831 diuite,
469 2750 507 2812 et
538 2769 606 2831 pro
639 2746 766 2829 ampla
797 2747 907 2813 domo
935 2750 974 2814 in
1003 2750 1108 2817 dolio

100 2835 196 2900 fecit
217 2837 405 2901 habitere.
447 2835 562 2899 melius
586 2838 694 2897 autem
718 2833 781 2896 ieta
803 2835 941 2918 dicebat,
964 2840 1107 2920 quamsi

100 2920 220 2988 diceret
234 2926 368 3008 gratus
384 2923 446 2987 illi
461 2945 555 3004 surm,
570 2921 659 3004 quia
673 2921 754 3003 ipse
769 2922 1108 3009 meplriloeophum

100 3012 138 3077 et
160 3014 447 3077 consummatae
470 3010 632 3076 uirtutis
655 3009 778 3074 uirum
802 3010 904 3076 feeit

58 3118 85 3161 ss
186 3099 276 3187 Ergo
308 3123 381 3166 eum
409 3124 508 3166 unum
537 3121 654 3164 nornen
683 3100 871 3164 scommatis
900 3100 956 3183 sit,
987 3100 1108 3168 diuersi
1120 3111 1162 3175 22

98 3190 132 3255 in
154 3210 192 3255 eo
216 3191 423 3256 continentur
445 3192 587 3255 effectus.
633 3188 704 3252 ideo
728 3187 814 3273 apud
837 3188 1109 3258 Lacedaemonios

98 3279 182 3344 inter
209 3282 317 3345 cetera
344 3285 475 3343 exactae
503 3279 590 3342 uitae
613 3276 762 3340 instituta
784 3276 847 3342 hoe
870 3301 998 3364 quoque
1022 3301 1111 3346 exer-

98 3367 166 3435 citii
190 3389 292 3454 genus
316 3390 335 3432 a
358 3368 506 3452 Lycurgo
531 3370 582 3431 est
605 3364 804 3447 institutum,
831 3369 867 3430 nt
890 3366 1110 3434 adulescentes

99 3459 132 3521 et
153 3459 334 3521 scommata
358 3456 427 3520 eine
451 3475 559 3519 morsu
584 3452 688 3517 dicere
712 3456 744 3516 et
766 3453 808 3517 ab
828 3454 902 3520 aliis
920 3456 952 3520 in
972 3477 1006 3520 ee
1026 3456 1112 3522 dieta

58 3565 85 3606 se
99 3545 225 3630 perpeti
253 3543 426 3628 discerent,
456 3567 493 3609 ao
521 3542 622 3628 siquis
650 3563 762 3607 eorum
790 3542 825 3607 in
853 3544 1111 3644 indignationem

99 3633 141 3699 ob
160 3632 226 3697 tale
245 3633 367 3698 dictum
387 3633 558 3717 prolapsus
577 3632 702 3708 fuisset,
720 3631 857 3696 ulterius
877 3632 906 3696 ei
925 3653 958 3697 m
973 3633 1112 3700 alterum

99 3720 203 3788 dicere
230 3743 296 3785 non
324 3721 451 3786 licebat.
497 3742 569 3786 eum
597 3739 675 3804 ergo
698 3719 822 3801 uideas,
851 3719 896 3783 mi
919 3721 1045 3787 Auiene
1068 3732 1165 3797 —23

100 3809 299 3875 instituenda
323 3813 372 3874 eat
395 3811 481 3875 enim
503 3807 721 3875 adulescentia
740 3811 805 3890 tua,
828 3829 911 3891 quae
929 3808 978 3874 ita
997 3809 1111 3878 docilis

170 3967 409 4023 tadoleleentem
433 3968 461 4021 P
529 3971 624 4022 ecte
647 3963 763 4020 rrndeat
785 3965 814 4018 P
882 3967 1041 4024 Beonditro
1059 3969 1114 4094 pP)

102 4042 134 4092 lo
158 4038 287 4094 caeleate
311 4040 339 4094 P
426 4044 461 4093 tt
486 4038 616 4093 leomatrs
637 4035 766 4092 [comatrl
782 4038 810 4091 P
896 4039 1057 4096 recensete
1087 4042 1116 4097 P

100 4106 309 4165 lueedernomol
325 4111 352 4164 P
412 4116 447 4166 28
466 4111 574 4180 lreurgo
592 4109 620 4163 P
681 4107 872 4163 adolescentes
887 4110 915 4164 P
973 4111 1114 4168 elohin

101 4195 157 4234 ros.
174 4181 206 4235 in
223 4181 251 4235 P
317 4188 351 4235 3³
370 4181 559 4236 adolescentie
577 4181 605 4235 P

154 4277 177 4317 M
180 4287 296 4319 rrrrrrrr
865 4276 899 4323 27
