3322 5190
360 766 426 829 436
740 762 816 821 ΕΔΤ.
832 763 930 818 LIBRI
949 762 1000 818 VII

361 927 494 992 uocauit
522 926 607 990 enim
635 925 699 989 mel
727 925 836 990 dulce
864 929 897 989 et
920 925 1032 989 uinum
1061 945 1185 989 suaue.
1232 927 1374 988 mustum

362 1015 463 1099 igitur
486 1036 559 1078 cum
582 1012 718 1078 necdum
743 1035 842 1078 suane
866 1017 917 1077 est
938 1012 992 1078 aad
1012 1016 1139 1077 tantum
1159 1011 1255 1077 modo
1275 1010 1375 1095 dulce,

362 1105 496 1168 horrore
534 1101 673 1189 quodam
709 1105 839 1167 tautum
876 1102 961 1167 sumi
998 1101 1036 1166 de
1074 1123 1107 1167 se
1144 1124 1209 1167 nou
1243 1101 1376 1186 patitur,

313 1195 519 1278 llquantum
550 1191 692 1257 sufficiat
719 1192 877 1258 ebrietati.
924 1191 1006 1256 addo
1032 1190 1131 1274 eliud,
1160 1192 1302 1256 naturali
1326 1214 1375 1256 ra-

364 1282 451 1347 tione
474 1281 625 1347 ebrietati
649 1280 847 1346 dulcedinem
871 1301 1053 1366 repugnare
1076 1278 1169 1364 adeo,
1198 1286 1235 1344 ut
1259 1281 1375 1345 medici
1403 1305 1416 1344 a

368 1391 437 1456 eos,
466 1372 521 1455 qui
549 1391 648 1455 usque
676 1370 716 1434 ad
744 1371 921 1456 perieulum
951 1368 1177 1434 distenduntur
1204 1369 1281 1433 uino
1306 1368 1375 1453 plu-

364 1459 461 1543 rimo,
486 1465 606 1544 cogant
628 1479 757 1523 uomere
780 1463 814 1524 et
836 1464 910 1543 post
932 1459 1091 1523 uomitum
1115 1462 1227 1523 contra
1252 1457 1377 1522 firmum

368 1546 449 1632 uini,
481 1549 535 1633 qui
569 1548 724 1613 remansit
755 1549 787 1612 in
820 1548 927 1634 uenis,
958 1568 1076 1631 panem
1110 1547 1249 1613 offerunt
1281 1546 1377 1611 melle

365 1635 496 1701 inlitum
530 1641 563 1702 et
592 1638 638 1702 ita
669 1637 833 1703 bominem
862 1638 902 1702 ab
932 1637 1097 1703 ebrietatis
1127 1637 1211 1702 rnnlo
1241 1636 1376 1702 dulcedo

364 1725 517 1791 defendit.
562 1725 634 1790 ideo
658 1749 736 1812 ergo
760 1748 826 1790 non
849 1727 989 1791 inebriet
1012 1731 1163 1807 mustum,
1188 1727 1221 1790 in
1246 1748 1308 1809 quo
1329 1731 1380 1790 est
1394 1750 1419 1789 ro

316 1815 438 1882 l8sola
461 1814 606 1879 dulcedo.
646 1815 701 1879 sed
726 1819 757 1878 et
781 1815 842 1879 troo
865 1814 903 1878 de
926 1815 1040 1879 idonea
1059 1815 1184 1879 ratione
1204 1813 1379 1895 descendit,

368 1901 453 1986 quod
472 1907 614 1967 mustum
633 1924 731 1986 graue
750 1909 809 1986 est,
827 1908 860 1965 et
876 1903 974 1967 flatus
994 1906 1027 1965 et
1045 1923 1146 1986 aquae
1161 1903 1375 1984 permixtione

369 1994 401 2052 et
428 1988 570 2074 pondere
600 2012 657 2055 suo
684 1991 748 2055 cito
772 1991 804 2054 in
829 1990 982 2055 intestine
1006 1989 1164 2054 delabitur
1187 2011 1224 2055 ac
1248 1989 1380 2073 profluit

366 2099 425 2142 nec
453 2085 563 2143 innuet
585 2080 621 2143 in
646 2078 725 2143 locis
749 2080 898 2143 obnoxiis
922 2079 1085 2162 ebrietati,
1109 2078 1277 2162 delapsum
1301 2101 1378 2142 uero

366 2166 520 2249 relinquit
559 2169 628 2231 sine
670 2167 767 2232 dubio
808 2169 843 2231 in
885 2167 1015 2231 bomine
1053 2167 1166 2231 ambas
1202 2167 1417 2251 qualitatesra

364 2259 500 2320 naturae
523 2277 608 2338 suae,
634 2277 769 2339 querum
792 2256 897 2320 altera
920 2256 953 2319 in
977 2255 1065 2337 flatu,
1088 2256 1192 2320 altera
1214 2254 1249 2319 in
1273 2277 1377 2339 aquae

316 2343 548 2407 l9substautia
570 2346 629 2407 est.
672 2343 727 2407 scd
750 2344 846 2407 fletus
870 2343 998 2426 quidem
1021 2344 1114 2427 quasi
1134 2365 1235 2427 aeque
1255 2342 1376 2425 ponde-

365 2451 459 2495 rosus
478 2429 512 2494 in
532 2431 597 2493 ima
616 2430 787 2508 delabitur,
811 2452 914 2515 aquae
933 2451 1010 2495 uero
1031 2431 1171 2515 qualitas
1189 2452 1255 2494 non
1274 2432 1380 2496 solum

366 2517 437 2601 ipsa
465 2539 532 2582 non
559 2518 701 2602 impellit
727 2520 761 2582 in
787 2519 964 2603 insaniam,
991 2519 1116 2600 sedet,
1144 2518 1238 2603 siqua
1260 2519 1379 2583 uinalis

368 2605 525 2672 fortitudo
558 2605 592 2670 in
623 2607 753 2672 homine
781 2606 914 2691 resedit,
946 2607 1029 2672 banc
1057 2606 1152 2673 diluit
1178 2611 1212 2672 et
1239 2608 1381 2691 expellit.
1395 2632 1422 2671 ac

316 2695 473 2760 20inesse
506 2699 613 2760 antem
645 2718 762 2780 aquam
792 2699 898 2761 musto
927 2697 978 2760 uel
1007 2697 1082 2760 binc
1110 2696 1254 2781 docetur,
1288 2697 1382 2781 qnod,

367 2805 438 2849 eum
466 2784 500 2849 in
529 2790 726 2849 uetustatem
754 2786 912 2869 procedit,
946 2786 984 2849 fit
1012 2809 1162 2850 mensure
1191 2786 1297 2850 minus
1326 2786 1381 2849 sed

367 2875 473 2938 aerius
493 2874 691 2956 fortitudine,
711 2876 787 2959 quia
807 2876 957 2940 exhalata
977 2897 1070 2959 aqua,
1088 2898 1151 2958 qua
1167 2877 1382 2956 molliebatur,

370 2970 514 3028 remanet
542 2964 608 3027 uini
638 2966 709 3028 sola
737 2969 853 3028 natura
877 2986 950 3027 cunr
974 2964 1163 3027 fortitudine
1188 2988 1245 3028 sua
1269 2964 1381 3044 libera,

368 3051 457 3115 nulla
480 3051 573 3115 diluti
598 3051 744 3115 humoris
769 3053 981 3134 permixtione
1006 3050 1157 3115 mollita'
1394 3074 1420 3113 aa

321 3154 402 3220 VIII
462 3155 541 3219 Post
564 3156 643 3220 baec
668 3159 806 3222 Albinus
825 3157 940 3221 Furius
965 3157 1037 3241 ‘ego
1062 3179 1187 3241 quoque
1210 3179 1269 3240 pro
1295 3158 1380 3221 uirili

370 3244 519 3327 portione
538 3245 704 3310 Diserium
728 3256 874 3311 nostruin
901 3248 1112 3310 inexercIturn
1137 3269 1202 3311 non
1227 3246 1380 3330 relinquo.

369 3332 456 3397 dicas
481 3357 610 3418 quaese,
634 3359 716 3420 clauae
736 3359 832 3400 causa
852 3336 980 3400 difficile
1001 3337 1128 3421 digestu
1147 3337 1227 3400 facit
1246 3337 1382 3414 isicium,

371 3422 456 3505 quod
494 3425 533 3487 ab
568 3426 746 3490 insectione
785 3427 963 3491 insicium
996 3426 1117 3490 dictum
1150 3426 1325 3490 arnissionc
1359 3445 1381 3489 n

371 3510 497 3577 litterae
521 3518 635 3597 postea
659 3516 744 3598 quod
768 3538 853 3579 nunc
879 3515 976 3580 babet
996 3538 1115 3579 nornen
1135 3516 1285 3599 obtinuit,
1309 3538 1379 3579 cum
1396 3538 1422 3576 ao

373 3602 507 3664 multum
545 3604 578 3665 in
615 3627 653 3667 eo
687 3604 906 3687 digestionem
938 3604 1081 3668 futuram
1114 3605 1233 3668 iuuerit
1264 3607 1382 3669 tritura

372 3690 440 3753 tem
469 3690 622 3777 diligens,
655 3699 687 3758 et
715 3694 865 3777 quicquid
895 3715 994 3778 graue
1023 3698 1092 3758 erat
1120 3695 1225 3758 carnis
1255 3695 1381 3758 absum-

373 3779 889 3931 nectit,,consummationemque
913 3784 980 3847 eius
1005 3784 1108 3846 multa
1132 3804 1170 3846 ex
1195 3787 1286 3866 parte
1309 3805 1382 3847 con-

389 3888 470 3930 ecerr
489 3918 495 3930 .

446 4062 478 4110 1³
499 4062 555 4113 cito
575 4061 672 4113 onaP
749 4061 964 4116 atexnlalaP
1043 4062 1183 4114 ttiurP
1262 4061 1385 4115 scaffn-

374 4125 507 4195 psentP
