3322 5190
729 790 938 848 PRAEFATIO
1323 790 1344 855 3

330 955 520 1039 accipimus,
548 976 645 1038 quam
676 953 731 1018 diu
753 956 788 1018 in
816 976 875 1020 sua
898 951 1056 1038 qualitate
1078 954 1289 1037 perseuerant
1312 955 1345 1017 et

329 1044 431 1108 solida
453 1044 615 1127 innatant,
637 1043 723 1107 male
746 1042 914 1108 stomacho
933 1041 1023 1106 oneri
1043 1044 1134 1106 sunt:
1158 1044 1194 1104 at
1211 1062 1284 1105 cum
1305 1062 1343 1106 ax

328 1153 364 1197 eo
392 1133 478 1215 quod
506 1134 599 1196 erant
626 1133 753 1196 mutata
778 1133 869 1215 sunt,
896 1134 966 1194 tum
990 1129 1119 1193 demum
1143 1130 1178 1192 in
1200 1129 1287 1193 uires
1312 1132 1346 1193 et

328 1221 518 1304 sanguinem
552 1221 731 1283 transeunt
782 1218 867 1283 idem
901 1219 935 1283 in
963 1216 1028 1299 his,
1060 1217 1178 1300 quibus
1211 1217 1344 1281 aluntur

303 1308 470 1392 singenia,
504 1311 721 1391 praestemus,
752 1309 790 1371 nt
823 1327 1043 1391 quaecumque
1077 1305 1245 1369 hausimus
1278 1326 1343 1369 non

325 1396 488 1479 patiamur
510 1395 639 1480 integra
662 1416 741 1477 esse,
763 1416 804 1459 ne
828 1395 935 1458 aliena
954 1395 1029 1471 sint,
1053 1392 1108 1457 scd
1127 1393 1161 1456 in
1180 1391 1343 1476 quandam

325 1484 481 1570 digeriem
517 1487 777 1568 concoquantur:
814 1483 960 1567 alioquin
997 1482 1031 1545 in
1069 1481 1262 1545 memoriam
1294 1480 1342 1544 ire

325 1576 475 1656 possunt,
506 1595 574 1638 non
606 1572 642 1635 in
674 1572 850 1656 ingenium.
900 1593 938 1636 ex
967 1569 1122 1636 omnibus
1146 1568 1381 1652 colligamusss

325 1661 406 1726 uude
435 1683 534 1726 unum
562 1661 635 1742 fiat,
662 1660 748 1725 siout
774 1682 858 1725 unus
885 1680 1038 1724 numerus
1069 1659 1107 1722 lit
1130 1680 1169 1721 ex
1192 1657 1340 1740 singulis.

291 1749 385 1815 nhoc
409 1749 509 1815 iaciat
531 1753 645 1814 noster
668 1749 810 1814 animus:
838 1748 961 1829 omnia,
987 1747 1104 1832 quibus
1128 1750 1179 1811 est
1202 1746 1341 1829 adiutus,

324 1838 514 1921 abscondat,
537 1840 645 1923 ipsum
668 1841 779 1903 tamen
803 1838 955 1903 ostendat
978 1835 1063 1922 quod
1088 1835 1207 1901 affecit:
1231 1837 1267 1899 ut
1285 1835 1340 1919 qui

323 1927 425 1992 odora
461 1929 629 2014 pigmenta
666 1928 856 2010 conficiunt,
893 1930 971 1991 ante
1007 1925 1117 1990 omnia
1154 1927 1270 1989 curant
1302 1928 1340 1989 ut

323 2016 444 2081 nullius
467 2017 534 2081 sint
556 2016 666 2082 odoris
688 2017 821 2101 propria
839 2036 921 2102 qnae
940 2014 1138 2098 condiantur,
1162 2013 1337 2078 confusura

322 2103 474 2170 uidelicet
497 2105 643 2170 omnium
668 2127 764 2171 sucus
791 2104 1016 2170 odoraminum
1039 2103 1073 2167 in
1097 2101 1334 2187 spiramentum

287 2213 310 2252 u
323 2214 431 2256 unum.
472 2193 562 2258 uides
586 2215 682 2278 quam
706 2193 883 2258 multorum
902 2192 1039 2257 uocibus
1059 2184 1375 2255 choruscantem

322 2302 387 2344 uua
406 2285 517 2346 tamon
535 2303 572 2345 cx
592 2281 743 2346 omnibus
762 2280 915 2346 redditur.
949 2280 1059 2364 aliqua
1078 2277 1214 2342 estillic
1233 2280 1339 2359 acuta,

323 2369 433 2454 aliqua
461 2371 585 2454 grauis,
612 2371 722 2454 aliqua
751 2369 871 2452 modia,
899 2370 1056 2433 accedunt
1079 2366 1160 2431 uiris
1189 2365 1338 2451 laminae,

322 2457 541 2543 interponitur
563 2460 686 2525 fistula:
715 2460 763 2524 ite
786 2459 987 2544 singulorum
1014 2457 1081 2521 illic
1105 2458 1211 2521 latent
1232 2476 1339 2538 uoces,

324 2550 469 2614 omnium
497 2553 654 2634 apparent
681 2551 714 2614 et
741 2550 780 2612 fit
806 2551 979 2613 concentus
1008 2568 1045 2610 ex
1075 2545 1225 2610 dissonis.
1271 2544 1338 2609 talc
1352 2551 1393 2616 10

285 2637 385 2701 aohoo
412 2660 563 2723 praesens
592 2659 672 2721 opus
700 2637 792 2701 uolo:
820 2637 943 2700 multae
967 2635 1001 2699 in
1025 2634 1081 2698 illo
1105 2637 1209 2718 artas,
1235 2633 1340 2699 multa

325 2728 498 2810 praecepta
526 2726 605 2806 sint,
634 2725 811 2789 multarum
839 2724 995 2787 aetatium
1025 2722 1187 2807 exempla,
1219 2721 1276 2785 sed
1304 2721 1339 2786 in

323 2835 423 2877 unum
446 2815 645 2896 conspirata:
668 2813 701 2876 in
725 2812 843 2895 quibus
865 2813 893 2875 si
912 2832 1016 2894 neque
1035 2832 1073 2873 ea
1092 2831 1174 2893 quaa
1193 2809 1257 2873 iam
1278 2809 1339 2873 tibi

323 2904 400 2963 sunt
428 2902 559 2985 cognita
587 2901 784 2985 asperneris,
810 2921 871 2963 nec
901 2920 983 2984 quae
1006 2900 1119 2982 ignota
1143 2900 1220 2962 sunt
1241 2897 1338 2980 uites,

322 2988 467 3052 inuenies
485 2988 625 3072 plurima
639 3010 721 3073 quac
736 2989 781 3052 sit
796 2990 852 3052 aut
866 2987 1027 3070 uoluptati
1042 2987 1149 3069 legere
1164 2989 1221 3049 aut
1235 2985 1336 3049 cultui

283 3076 438 3161 elegisse
470 3079 527 3140 aut
559 3078 631 3141 usui
664 3076 861 3141 meminisse.
911 3075 992 3140 nihil
1026 3075 1111 3140 enim
1140 3074 1216 3138 huic
1244 3074 1388 3156 operill

322 3165 479 3230 inscrtum
497 3168 577 3251 puto
597 3169 654 3231 aut
671 3165 804 3252 cognitu
824 3165 939 3230 inutile
957 3167 1013 3227 aut
1026 3163 1157 3228 difficile
1172 3166 1337 3246 perceptu,

321 3254 376 3318 sed
396 3255 505 3319 omnia
523 3255 641 3340 quibus
660 3256 704 3320 sit
717 3255 883 3340 ingenium
898 3257 989 3319 tuum
1005 3253 1162 3337 uegetius,
1180 3252 1337 3316 memoria

323 3343 598 3427 adminiculatior,
630 3344 735 3409 oratio
764 3343 942 3422 sollertior,
970 3364 1075 3406 sermo
1108 3341 1336 3425 incorruptior,

321 3433 385 3496 uisi
414 3432 517 3497 sicubi
543 3455 604 3496 nos
633 3434 694 3497 sub
722 3432 787 3496 alio
814 3435 904 3497 ortos
928 3431 1017 3495 caelo
1041 3430 1178 3494 Latinae
1202 3431 1334 3513 linguae

280 3541 307 3580 ao
321 3542 403 3585 uena
425 3543 491 3585 non
515 3520 656 3586 adiuuet
697 3520 783 3606 quod
807 3521 848 3585 ab
873 3520 932 3602 his,
955 3520 982 3584 si
1006 3522 1115 3584 tamen
1140 3518 1389 3603 quibusdam12

320 3610 405 3675 sorte
427 3632 494 3675 non
516 3631 682 3696 nunquam
705 3614 834 3694 tempus
857 3610 1074 3692 uoluntasque
1102 3607 1165 3674 erit
1192 3607 1255 3673 ista
1283 3630 1333 3673 co·

319 3728 531 3736 m—--m

391 3783 503 3839 rudem
521 3787 553 3839 ἐπ
570 3801 624 3840 raa.
645 3786 674 3839 P
742 3783 806 3838 ’ἰὼ
828 3800 915 3838 eriam
935 3782 1179 3851 B'‚deer1cmp
1246 3782 1337 3836 sfort

318 3855 355 3925 Β,
373 3857 387 3907 t
405 3855 456 3908 fiat
474 3855 573 3910 addo
637 3860 701 3924 post
718 3856 769 3909 fiat
824 3855 851 3912 d.
870 3871 904 3908 cx
923 3800 1102 3922 omnrbulll’)
1173 3857 1206 3906 10
1224 3851 1339 3906 adiutus

318 3924 447 3980 oltcndut
469 3926 505 3994 P,
530 3926 590 3996 rplu
618 3927 714 3980 tamen
741 3923 871 3981 ostendat
896 3941 957 3995 sup.
977 3925 1025 3979 lin.
1051 3925 1115 3979 odd.
1135 3940 1158 3993 p
1232 3928 1264 3977 17
1288 3939 1334 3977 ac-

318 3995 442 4063 cendunt
460 3997 488 4049 Β
593 4001 626 4050 18
645 3996 721 4050 urrcl
736 3996 772 4050 Β
877 3995 1005 4052 1llroom.
1028 3995 1056 4047 P
1153 3993 1331 4048 tractatum

317 4068 367 4137 (P)
448 4071 483 4121 28
502 4068 591 4122 nntb
664 4073 698 4120 26
717 4067 816 4122 mutale
835 4067 871 4121 B'
948 4071 983 4122 26
1002 4066 1106 4136 pcepta
1126 4065 1154 4118 B
1229 4070 1264 4117 29
1282 4061 1333 4117 mli

318 4140 382 4193 cubr
401 4140 429 4194 Β
500 4138 552 4193 nol
564 4155 616 4194 om.
635 4140 664 4193 P

1134 4221 1172 4277 1*
