3442 5190
750 828 828 884 XVII
847 835 951 886 al-or
1316 830 1359 896 93

342 992 442 1058 fertur
469 995 579 1059 antem
607 992 641 1058 in
665 1008 878 1059 osunmmvs
901 992 1018 1059 Msucl
1047 992 1149 1078 uatis,
1176 992 1268 1059 cuius
1295 993 1412 1063 du028

342 1082 507 1148 uolumina
534 1081 636 1148 inlata
664 1085 742 1148 sunt
769 1083 803 1147 in
831 1085 993 1169 sunctum,
1020 1083 1189 1149 inuentum
1218 1082 1360 1148 asscita

343 1172 498 1257 scriptum
521 1171 684 1257 hostem,
712 1171 889 1257 Romani,
916 1172 948 1238 si
976 1193 1020 1236 ex
1044 1193 1136 1259 agro
1161 1172 1360 1258 expellere

342 1261 480 1346 uultis,
515 1262 701 1328 uomicam
739 1284 836 1348 quae
874 1262 1049 1347 gentium
1085 1262 1195 1328 uenit
1232 1263 1360 1349 longe,

319 1350 519 1437 rApollini
543 1372 682 1418 censeo
702 1350 900 1418 uouendos
919 1351 1045 1436 ludos,
1068 1352 1132 1439 qui
1152 1352 1359 1439 quotannis

344 1441 503 1507 comiter
539 1439 717 1527 Apollini
753 1441 864 1506 fiant.
925 1440 986 1506 his
1023 1441 1126 1506 ludis
1163 1441 1359 1508 faciendis

343 1532 490 1616 praesit
525 1531 558 1595 is
595 1532 770 1615 praetor,
807 1530 871 1615 qui
904 1531 964 1595 ius
997 1532 1141 1616 populo
1174 1531 1359 1617 plebique

343 1619 452 1685 dabit
474 1641 667 1685 summum.
704 1618 831 1684 decem
849 1620 930 1684 'uiri
950 1618 1096 1686 Graeco
1116 1620 1196 1684 ritu
1214 1620 1358 1685 hostiis

344 1729 451 1773 secra
473 1708 629 1774 fuciunt
666 1708 737 1773 hoc
755 1708 787 1772 ei
810 1711 914 1774 recte
936 1708 1109 1791 facietis,
1133 1708 1359 1794 gaudebitis

309 1818 504 1882 asemper,
541 1796 689 1882 fietque
725 1819 785 1862 res
822 1797 982 1880 publica
1018 1797 1171 1862 melior:
1207 1819 1293 1862 nam
1326 1796 1359 1862 is

343 1885 452 1950 diuus
472 1885 679 1973 extinguet
696 1885 917 1970 perduelles
937 1889 1105 1971 uestros,
1120 1886 1186 1972 qni
1205 1889 1359 1951 uestros

344 1996 496 2059 campos
529 1978 697 2059 pascunt
729 1974 891 2059 placide.
947 1998 986 2040 ex
1018 1975 1081 2041 hoc
1112 1976 1254 2041 carmine
1287 1979 1412 2042 cum29

344 2062 536 2146 procurandi
569 2064 676 2148 gratia
704 2063 772 2129 dies
800 2085 883 2128 unns
910 2064 1007 2128 rebus
1035 2064 1155 2129 diuinis
1191 2065 1360 2148 impensus

345 2154 438 2234 esset,
451 2155 567 2234 postca
587 2155 748 2216 senatus
767 2153 986 2216 consultum
1005 2152 1137 2233 factum,
1156 2153 1213 2216 uti
1232 2153 1360 2217 decem

307 2267 331 2308 rs
345 2238 431 2324 uiri,
454 2261 528 2324 quo
547 2239 670 2323 magis
689 2239 980 2305 instruerentur
999 2239 1042 2303 de
1061 2239 1165 2304 ludis
1183 2239 1359 2324 Apollini

344 2328 835 2501 tillitslttifflfnl
859 2331 975 2503 iiiii
999 2327 1207 2482 {Sitti
1231 2328 1359 2503 1¹2th

344 2506 528 2571 nuntiatum
557 2510 656 2589 osset,
684 2509 875 2572 consuerunt
901 2510 1011 2590 patrus
1039 2506 1218 2591 Apollini
1246 2506 1359 2573 ludos

345 2595 542 2662 uouendos
574 2595 868 2680 faciendosque,
901 2596 1015 2682 inque
1047 2617 1126 2661 eam
1159 2618 1236 2660 rem
1269 2596 1359 2662 duo-

307 2683 464 2754 acdecim
503 2684 614 2749 milia
650 2685 752 2750 ueris
788 2686 963 2768 praetori
1002 2687 1040 2749 et
1076 2685 1171 2750 duas
1208 2684 1359 2751 hostias

346 2774 509 2839 maiores
535 2773 631 2852 duri,
655 2772 908 2858 decemuirisque
926 2775 1134 2858 praeceptum
1152 2776 1194 2839 ut
1213 2771 1358 2840 Graeco

345 2862 422 2926 ritu
454 2862 561 2929 hisce
593 2862 737 2928 hostiis
770 2883 919 2926 sucrum
953 2862 1144 2941 lucerent,
1180 2861 1359 2948 Apollini

346 2951 442 3016 boue
478 2953 616 3016 aurato
650 2952 687 3015 et
719 2951 847 3036 capris
881 2949 1027 3015 duabus
1060 2951 1163 3016 albis
1196 2952 1359 3035 cirratis,

345 3038 516 3105 Latonae
553 3039 649 3106 bone
686 3040 830 3106 femine
868 3042 1013 3104 aurata.
1074 3041 1167 3106 ludos
1203 3041 1237 3104 in
1274 3040 1360 3107 circo

307 3129 482 3214 rspopulus
519 3133 693 3196 coronatus
726 3132 873 3213 spectare
905 3129 1022 3194 iussus.
1075 3129 1156 3193 haec
1187 3130 1359 3214 praecipue
1371 3130 1414 3195 30

348 3218 484 3284 traditur
506 3219 599 3304 origo
622 3219 772 3284 ludorum
796 3217 1047 3303 Apollinarium.

434 3305 529 3372 Nunc
548 3328 586 3370 ex
606 3307 678 3371 aliis
697 3329 824 3391 quoque
843 3307 938 3372 huius
958 3306 1009 3371 dci
1022 3306 1209 3371 nominibus
1225 3307 1360 3371 eundem

347 3417 416 3460 osee
436 3395 625 3480 Apollinem
648 3400 682 3460 et
705 3397 806 3461 solem
830 3396 1013 3480 probemus.
1051 3393 1174 3472 Λοξίας
1196 3397 1413 3481 cognomi-31

349 3487 458 3569 netur,
485 3486 522 3548 nt
550 3484 837 3567 uit0uu0r1nu8,
864 3482 917 3549 ὅτι
945 3483 1157 3568 ἐκπορεύεται
1180 3485 1240 3550 τὸν
1263 3482 1361 3562 λοξὸν

349 3593 404 3601 -.—
414 3595 429 3600 -.
436 3592 561 3601 ...--—--

418 3639 778 3710 mmmmm

420 3788 432 3835 1
453 3799 554 3838 marcu
577 3800 622 3839 cm
645 3783 693 3851 P',
715 3785 836 3840 marm*
859 3785 926 3853 (suit
948 3787 975 3849 u)
998 3783 1026 3837 B
1117 3785 1233 3839 tuemt
1255 3799 1305 3840 om.
1324 3781 1360 3839 P'

351 3854 501 3925 tepollrnr
520 3871 570 3910 om.
591 3856 619 3911 P
679 3861 695 3908 8
714 3854 802 3910 holtri
817 3851 864 3923 P',
882 3856 981 3911 driade
999 3854 1160 3910 lacnlrcant
1177 3854 1206 3909 B
1264 3859 1295 3908 11
1317 3871 1362 3908 ax·

351 3929 391 3980 lm
431 3926 456 3980 rt
473 3927 501 3981 P
554 3931 586 3980 12
606 3926 724 3997 pascunt
740 3943 792 3982 om.
811 3926 847 3981 P'
905 3931 938 3981 lo
957 3925 1116 3980 fascienda
1135 3926 1163 3979 P
1217 3929 1249 3980 17
1264 3924 1360 3980 irbrllr·

350 4013 385 4052 nc
412 3998 440 4052 P
484 3998 582 4052 ecdem
596 3999 711 4067 repente
725 3997 753 4050 B
800 4004 833 4052 19
848 3997 985 4054 uiuendol
996 3993 1031 4052 B'
1077 4003 1111 4051 28
1126 3995 1199 4051 albis
1210 4012 1279 4050 aura
1324 3995 1361 4050 P'

352 4073 385 4122 28
403 4068 495 4124 lorrul
509 4070 572 4123 BP
633 4068 886 4138 cognominatulss
951 4076 985 4124 29
1005 4067 1151 4138 oemprdel
1167 4069 1195 4123 P
1256 4069 1274 4122 Ε
1321 4070 1363 4122 ΙΟ-

352 4141 487 4265 ῐΞξΥΛΕΤέΙ
507 4140 714 4265 Ρ,κΕΚΠοΡΕὲ-
733 4143 812 4210 (corr.
831 4142 863 4196 in
881 4143 916 4210 Υ)
935 4141 976 4195 ΕΤ
977 4142 1006 4194 ΑΙ
1025 4141 1053 4194 Β
1107 4141 1223 4194 ΑΟΞΟΝ
1244 4140 1361 4195 airaon
