3322 5190
310 795 377 858 414
689 793 765 848 SA'l'.
784 793 880 847 LIBRI
901 795 950 847 Vll

310 954 397 1039 quod
429 974 532 1037 genua
566 954 705 1018 maxime
737 952 791 1018 uel
824 953 955 1035 sapiens
986 953 1039 1016 uel
1071 953 1152 1017 alius
1181 953 1323 1018 urbanus

311 1043 439 1105 exercet
465 1042 636 1124 praecipue
659 1041 744 1104 inter
768 1061 899 1104 mensas
923 1042 956 1103 et
978 1039 1108 1122 pocula,
1137 1038 1192 1103 ubi
1216 1039 1323 1104 facilis

278 1132 362 1199 4eet
385 1127 425 1194 ad
445 1128 646 1194 iracundiam
665 1129 864 1214 prouocatio.
900 1149 977 1193 nam
997 1128 1080 1192 sicut
1098 1127 1132 1191 in
1152 1127 1323 1212 praecipiti

310 1221 452 1283 stantem
476 1219 528 1282 uel
547 1218 629 1282 leuis
648 1221 754 1283 tectus
772 1216 923 1302 impellit,
945 1217 993 1281 itu
1011 1217 1088 1281 uino
1108 1217 1158 1280 uel
1177 1215 1322 1282 infusum

309 1306 362 1371 uel
385 1326 552 1390 aspersum
576 1328 696 1390 paruus
721 1327 847 1391 quoque
870 1304 962 1370 dolor
983 1304 1098 1369 incitat
1116 1303 1150 1367 in
1168 1303 1320 1370 furorem.
1348 1331 1362 1371 a

310 1413 388 1478 ergo
407 1393 534 1459 cautius
554 1395 589 1458 in
608 1394 757 1459 conuiuio
778 1393 1006 1459 abstinendum
1026 1397 1211 1476 scommate,
1235 1393 1321 1476 quod

279 1481 432 1547 blectam
456 1483 543 1547 intra
566 1505 600 1546 se
624 1482 724 1547 hebet
746 1481 907 1546 iniuriam.
951 1484 1042 1545 tanto
1067 1481 1154 1545 enim
1178 1481 1321 1563 pressius

308 1569 445 1635 haerent
467 1569 556 1636 dicte
578 1571 660 1636 talia
682 1591 778 1655 quam
803 1570 944 1635 directae
968 1568 1144 1649 loedoriae,
1173 1573 1210 1633 ut
1231 1568 1320 1633 hemi

309 1659 459 1745 angulosi
492 1682 589 1744 quam
622 1658 736 1724 directi
764 1680 933 1724 mucrones
961 1659 1105 1723 tenacius
1133 1657 1321 1742 infiguntur,

310 1748 450 1812 maxime
486 1749 563 1832 quia
595 1748 682 1812 dictu
713 1747 810 1811 huius
842 1747 931 1811 modi
963 1748 1065 1811 risum
1097 1746 1321 1829 praesentibus
1337 1772 1363 1812 ro

310 1838 451 1918 mouent,
470 1857 534 1919 quo
553 1834 645 1899 uelut
663 1836 818 1900 adsensus
838 1856 954 1920 genere
969 1834 1181 1899 confirmatur
1194 1833 1321 1898 iniuria.

280 1922 363 1988 lieet
390 1927 499 1988 autem
527 1923 671 1987 loedoria
698 1922 906 1987 huiusmodi
930 1923 1128 1989 oblitusne
1152 1944 1204 2006 es,
1232 1923 1322 2006 quie

311 2011 548 2078 salsamenta
571 2011 791 2077 uendebas?
828 2034 972 2078 scomma
996 2016 1113 2096 autam,
1136 2011 1222 2098 quod
1240 2010 1322 2076 dixi-

310 2124 382 2167 mus
415 2124 511 2187 saepe
538 2102 768 2168 contumeliam
796 2125 865 2168 esse
893 2103 1046 2188 celatam,
1078 2102 1144 2167 tale
1173 2105 1222 2166 est
1249 2124 1322 2166 ma-

310 2192 504 2275 minimus,
532 2192 681 2277 quando
712 2192 870 2258 brachio
895 2196 932 2257 te
956 2192 1199 2279 emungebas.
1244 2214 1363 2258 nemre

309 2303 382 2345 cum
409 2302 461 2344 rea
491 2280 602 2344 eadem
627 2281 800 2366 utrobique
824 2281 911 2345 dicta
934 2281 991 2363 sit,
1020 2281 1100 2346 illud
1125 2285 1234 2346 tamen
1257 2281 1322 2346 loe-

310 2367 402 2432 doria
426 2371 488 2450 est,
514 2368 598 2452 quod
624 2374 734 2452 aperta
758 2369 920 2434 obiectum
944 2369 1238 2452 exprobratumque
1262 2372 1322 2452 est,

279 2456 370 2520 'lhoe
404 2477 564 2539 scomma,
602 2457 687 2540 quod
720 2458 865 2541 figurate.
921 2455 1121 2539 Octauius,
1154 2457 1209 2541 qui
1241 2459 1322 2521 netu

308 2543 429 2608 nobilis
452 2542 635 2627 uidebatur,
664 2543 845 2609 Ciceroni
869 2545 1018 2609 recitanti
1042 2547 1089 2609 eit
1110 2567 1185 2608 non
1209 2544 1321 2608 audio

309 2652 405 2715 quae
441 2630 549 2697 dicis.
604 2632 660 2696 illa
697 2633 865 2716 respondit
900 2637 1002 2698 certe
1040 2633 1194 2698 solebas
1227 2632 1362 2697 benere

309 2719 460 2784 foratas
489 2741 600 2783 auree
628 2720 778 2785 habere.
824 2722 887 2784 hoc
915 2743 953 2784 eo
982 2721 1102 2785 dietum
1127 2722 1203 2803 quia
1227 2718 1321 2785 Oeta-

308 2809 379 2872 uiua
399 2807 500 2890 Libya
525 2809 679 2872 oriundus
703 2808 879 2892 dicebatur,
904 2810 1021 2892 quibus
1047 2832 1116 2872 mos
1141 2815 1191 2873 est
1210 2831 1320 2873 aurem

308 2896 424 2960 mm

278 2985 298 3048 8
398 2983 437 3046 ln
465 2984 600 3046 eundem
629 2982 853 3047 Ciceronem
884 2984 1083 3067 Laberius,
1111 3008 1182 3048 cum
1212 2986 1252 3048 ab
1282 3006 1319 3047 eo

309 3071 349 3134 ad
377 3091 562 3134 consessum
590 3094 655 3134 non
684 3074 891 3155 reciperetur,
920 3073 1079 3136 dicentem
1109 3073 1357 3154 reciperemus

309 3164 358 3241 te,
377 3160 452 3223 uisi
473 3163 638 3242 anguste
658 3162 840 3241 sederem,
860 3162 906 3224 ait
925 3162 1040 3224 mimus
1056 3160 1110 3223 ille
1126 3160 1318 3224 mordaciter

309 3246 416 3331 atqui
440 3247 595 3312 solebas
621 3248 766 3311 duabus
786 3248 896 3312 sellis
915 3249 1046 3312 aedera
1067 3247 1207 3311 obiciens
1227 3251 1318 3311 tauto

308 3336 378 3400 uiro
412 3336 571 3400 lubricum
596 3337 686 3400 fidei.
737 3338 791 3401 sed
820 3343 852 3401 et
880 3338 965 3421 quod
994 3336 1104 3401 (licere
1133 3337 1214 3401 dixit
1241 3337 1317 3401 nisi

309 3431 474 3512 auguste
499 3427 682 3510 sederem,
706 3449 850 3491 scomma
871 3426 934 3490 fuit
952 3428 986 3490 iu
1006 3425 1039 3490 (l.
1060 3425 1240 3511 Caesarem,
1263 3426 1318 3511 qui

307 3515 342 3579 in
374 3522 521 3581 senatum
555 3517 676 3600 passim
709 3520 776 3581 tam
810 3518 935 3581 multoe¹
962 3517 1166 3599 admittebat,
1201 3522 1235 3581 ut
1263 3539 1360 3580 eoseo

277 3605 565 3689 9quattuordeeim
593 3607 711 3690 gradus
740 3629 853 3690 capere
881 3628 946 3671 nou
970 3611 1112 3690 possent.
1158 3606 1216 3670 tali
1241 3628 1317 3690 ergo

309 3715 441 3780 genere,
482 3695 567 3778 quod
603 3696 704 3759 letum
741 3696 955 3760 contumeliae
989 3700 1052 3778 est,
1089 3693 1317 3759 abstinendum

308 3783 448 3866 sapienti
472 3806 612 3868 semper,
636 3785 748 3849 ceteris
772 3786 805 3848 iu
829 3785 986 3849 conuiuiis
1011 3789 1068 3850 est.

306 3928 519 3936 *Ἦ*

378 4018 394 4066 8
419 4011 524 4085 ledorre
548 4013 576 4065 P
648 4020 679 4066 le
703 4012 809 4083 ledorra
831 4014 860 4066 P
931 4019 963 4066 14
988 4013 1112 4067 eontulu'e
1133 4014 1160 4064 P
1232 4019 1264 4065 lo
1284 4013 1319 4066 ar

307 4082 384 4136 dicte
406 4081 442 4137 lrt
464 4082 493 4135 P
561 4083 670 4154 ledorra
694 4083 721 4135 P
792 4089 825 4136 22
849 4084 965 4137 oriundo
990 4084 1017 4136 P
1087 4089 1120 4136 ‘lb
1144 4083 1266 4136 rdrcenta
1292 4083 1320 4135 P

307 4157 339 4206 27
360 4153 486 4207 obiciens
504 4184 533 4193 —
555 4154 674 4208 28f1der
694 4171 744 4209 our.
767 4151 803 4206 P'
859 4160 893 4208 29
913 4155 965 4225 O·]
984 4159 1015 4222 g·
1036 4156 1063 4207 P
1115 4160 1148 4209 32
1168 4153 1221 4229 fdp‘r
1241 4155 1268 4207 P
