3322 5190
312 806 377 870 142
702 805 778 863 8ΔΤ.
798 805 895 862 LIBRI
914 804 939 860 Il

310 968 365 1053 qui
384 969 587 1052 respondisse
606 969 667 1033 sibi
682 968 852 1034 Vatinium
871 969 1073 1052 meminerat,
1090 990 1163 1033 cum
1183 969 1325 1033 humeris

311 1077 346 1120 se
369 1056 417 1120 rei
439 1056 587 1140 publicae
606 1056 646 1121 de
664 1057 760 1121 exilio
780 1061 982 1141 reportatum
1002 1057 1206 1140 gloriaretur,
1229 1057 1326 1122 undo

311 1164 401 1229 ergo
424 1143 497 1208 tibi
520 1142 691 1210 uarices?

279 1234 300 1298 6
400 1229 554 1298 Caninius
587 1254 713 1318 quoque
739 1231 889 1318 Rauilus,
921 1233 975 1318 qui
1002 1254 1068 1298 uuo
1095 1233 1163 1316 die,
1196 1235 1232 1297 ut
1262 1233 1327 1297 ianr

311 1318 444 1387 Seruius
471 1322 611 1406 rettulit,
640 1322 755 1388 consul
783 1322 859 1406 fuit,
886 1326 993 1387 rostra
1021 1344 1094 1386 oum
1122 1322 1327 1403 ascendisset,
1354 1350 1368 1389 s

334 1410 433 1475 ariter
465 1411 622 1477 bonorem
655 1411 731 1475 iniit
762 1411 950 1476 consulatus
983 1416 1017 1475 et
1052 1411 1205 1494 eierauit,
1242 1411 1326 1495 quod

340 1499 432 1582 cero,
461 1499 548 1564 omni
576 1499 720 1585 gaudena
743 1501 912 1564 occasione
935 1499 1145 1580 urbanitatis,
1169 1500 1329 1584 increpuit

310 1588 563 1673 λογοθεώρητος
590 1592 650 1653 est
677 1586 863 1653 Caninius
891 1588 1026 1653 consul
1055 1591 1088 1651 et
1112 1586 1228 1652 deinde
1256 1586 1327 1652 hoc

310 1680 542 1742 consecutus
566 1680 625 1742 eat
647 1676 824 1762 Reuilus,
846 1680 889 1740 ut
911 1680 1164 1762 quaereretur
1187 1676 1326 1761 quibus

310 1765 539 1831 consulibua
570 1766 704 1831 consul
736 1765 870 1830 fuerit
923 1765 1027 1830 dicere
1058 1768 1228 1848 praeterea
1260 1786 1369 1831 nonno

310 1852 1094 1938 destitituigilantemhabemuseonsulem
1109 1851 1326 1938 Caninium,

311 1942 375 2027 qui
398 1942 436 2007 iu
460 1942 666 2007 consulatu
689 1965 758 2007 suo
781 1963 955 2006 somnum
977 1962 1051 2006 non
1075 1941 1181 2006 uidit.

283 2031 301 2096 ‘l
402 2029 576 2114 Pompeius
613 2028 779 2095 Ciceronis
815 2029 1005 2095 facetiarum
1043 2028 1218 2115 impatiens
1255 2028 1326 2095 fuit

313 2120 404 2184 cuius
429 2120 507 2184 haec
526 2120 613 2184 diota
631 2120 818 2185 ferebantur
841 2140 909 2204 ego
934 2141 1023 2183 uero
1046 2141 1155 2204 quem
1178 2118 1325 2204 fugiam

312 2207 448 2290 babeo,
477 2230 586 2293 quem
615 2230 753 2294 sequar
780 2230 853 2274 non
876 2207 1006 2272 babeo.
1052 2208 1108 2272 sed
1131 2213 1164 2272 et
1187 2229 1262 2272 cum
1285 2207 1325 2272 ad
1342 2235 1368 2276 ιι

312 2296 504 2382 Pompeium
519 2299 673 2382 uenisset,
683 2298 864 2363 dicentibus
879 2318 950 2362 sero
961 2318 1033 2361 eum
1048 2298 1183 2379 uenisse,
1194 2318 1326 2381 respou-

311 2385 360 2450 dit
388 2386 544 2449 minime
571 2407 656 2451 sero
686 2387 787 2469 ueni,
818 2407 903 2450 nam
930 2385 1031 2449 nibil
1061 2384 1121 2448 bic
1148 2390 1325 2468 paratum

281 2474 435 2540 8uideo.
481 2474 595 2539 deinde
623 2476 838 2559 interroganti
861 2473 1028 2558 Pompeio,
1055 2473 1112 2537 ubi
1134 2494 1233 2556 gener
1256 2473 1325 2538 eius

311 2560 487 2627 Dolabella
510 2566 606 2646 esset,
628 2563 797 2648 respondit
820 2584 901 2626 oum
925 2582 1056 2626 socero
1080 2566 1155 2626 tuo.
1196 2565 1229 2626 et
1251 2584 1325 2626 eum

310 2651 464 2717 donasset
496 2652 671 2736 Pompeius
705 2650 909 2736 transfugam
943 2649 1075 2714 ciuitate
1108 2649 1272 2735 llonraua,
1305 2673 1367 2719 oso

309 2740 500 2806 hominem
534 2741 678 2807 bollum
706 2742 811 2826 inquit
844 2741 970 2805 Callis
1003 2739 1202 2805 ciuitatcrn
1236 2763 1323 2825 pro-

309 2833 433 2896 mittit
456 2832 635 2915 alienam,
663 2832 727 2916 qui
755 2830 868 2896 uobis
896 2835 1166 2895 nostrumnon
1190 2836 1323 2915 potest

309 2919 490 2985 reddere.
549 2925 683 3004 propter
719 2941 801 3005 quae
838 2919 954 2984 merito
991 2919 1163 2984 uidebatur
1201 2920 1323 2984 dixisse

309 3008 482 3092 Pompeius
515 3009 626 3093 cupio
660 3008 704 3071 ad
731 3008 862 3071 hostes
891 3005 1025 3073 Cicero
1058 3012 1248 3090 transeat,
1282 3012 1324 3070 ut

309 3117 377 3159 nos
402 3096 548 3159 timeat.
1336 3122 1362 3160 es

277 3185 297 3248 9
396 3182 433 3247 Ιιι
458 3179 629 3247 Caesarem
653 3204 779 3267 quoque
802 3182 997 3246 mordacitas
1017 3180 1182 3246 Ciceronis
1206 3182 1322 3246 dentes

309 3292 386 3335 suos
415 3272 556 3335 strinxit.
603 3294 678 3336 nam
707 3272 847 3354 primum
878 3274 952 3354 post
977 3270 1147 3334 uictoriam
1173 3270 1321 3334 Caesaris

308 3359 536 3441 interrogatus,
555 3382 612 3423 our
631 3361 663 3422 iu
686 3359 843 3423 electione
861 3361 963 3441 partis
983 3362 1132 3440 errasset,
1153 3358 1322 3441 respondit

307 3449 579 3530 praecinctura
603 3470 658 3511 ma
679 3446 845 3530 decepit,
864 3447 989 3511 iocatus
1011 3448 1043 3509 in
1063 3445 1243 3529 Caesareus,
1263 3447 1319 3531 qui

306 3536 353 3600 ita
381 3540 459 3619 toga
487 3535 769 3620 praecingebatur,
795 3540 832 3599 ut
858 3535 1018 3600 trahendo
1048 3535 1199 3600 laciniam
1229 3535 1320 3599 uelut
1334 3552 1361 3591 ευ

308 3624 415 3688 mollia
448 3624 609 3688 incederet
638 3623 735 3708 adeo,
772 3629 808 3688 ut
840 3621 930 3688 Sulla
967 3628 1131 3706 tamquam
1166 3624 1320 3707 prouidus

307 3758 520 3767 μ--ρσ-...υῇ-

380 3841 392 3887 1
414 3835 524 3887 uatmru
534 3851 551 3889 a
561 3852 577 3889 a
588 3850 604 3889 ι
615 3851 631 3890 ι
642 3850 658 3889 r
669 3849 685 3888 a
696 3850 712 3889 a
723 3852 739 3888 ι
750 3836 915 3888 meminerat
933 3833 961 3886 P
1049 3838 1064 3885 2
1088 3836 1259 3902 reportatam
1283 3829 1319 3887 Η

306 3966 457 4014 locamus
477 3955 513 4013 n'
580 3966 595 4013 e
616 3959 744 4029 egerant
764 3957 791 4010 P
862 3924 1182 4029 sacrocaoeapoc
1202 3959 1236 4026 P,
1260 3960 1319 4013 ao-

306 4033 323 4086 Γ
324 4031 549 4086 ΟΘΕωΡΕΕΤΟΕ
568 4029 596 4083 Β
651 4028 874 4098 accusoquutus
891 4030 918 4083 P
972 4035 1005 4083 16
1024 4034 1059 4083 eir
1078 4028 1137 4083 iero
1158 4030 1185 4083 P
1238 4036 1270 4084 17
1289 4047 1320 4084 nr

305 4103 337 4158 in
355 4119 421 4157 uem
439 4102 471 4157 in
488 4118 543 4157 ros.
563 4103 596 4156 ia
614 4101 641 4155 P
695 4105 727 4156 18
746 4100 939 4168 mterrogandr
954 4100 989 4153 B'
1046 4105 1080 4154 20
1097 4102 1178 4168 prior
1196 4115 1213 4153 a
1232 4103 1320 4156 inro-

304 4190 389 4228 maua
398 4175 430 4230 in
439 4189 494 4229 ros.
505 4175 537 4228 in
546 4173 573 4226 B
599 4178 633 4227 28
644 4171 767 4228 elatione
777 4170 813 4226 a
842 4175 876 4225 29
887 4171 996 4227 locatus
1003 4171 1031 4225 P
1054 4177 1087 4226 ³1
1100 4169 1162 4226 lilla
1172 4172 1205 4241 P,
1216 4170 1321 4242 syllaB
