3322 5190
735 837 775 892 vl
793 843 900 894 tb-to
1259 837 1327 904 505

314 999 395 1064 haec
427 999 467 1064 de
498 999 646 1084 partibus
679 998 854 1085 septenarii
886 999 1013 1065 numeri
1045 1000 1208 1066 sectantes
1239 997 1380 1065 com-45

315 1086 432 1172 pendia
455 1086 603 1153 diximus.
650 1087 689 1153 de
712 1088 784 1173 ipso
807 1109 935 1173 quoque
957 1109 1062 1171 pauca
1081 1087 1233 1153 dicemus.
1274 1086 1327 1151 bio

314 1196 468 1240 numerus
500 1173 598 1252 ἕπτάς
629 1198 714 1241 nunc
747 1177 884 1241 uocatur
915 1175 1087 1260 antiquato
1114 1196 1175 1240 usu
1202 1175 1327 1259 primae

315 1263 457 1348 litterae,
484 1262 569 1347 apud
592 1267 719 1329 ueteres
743 1265 828 1328 enirn
852 1262 972 1339 asnede
993 1262 1212 1341 uocitabatur,
1240 1262 1326 1347 quod

287 1349 439 1417 cGraeco
483 1351 616 1416 nomine
664 1351 852 1452 testabatur·
891 1352 1135 1416 uenerationem
1180 1349 1325 1414 debitam

314 1461 457 1504 numero.
508 1461 586 1503 narn
623 1439 728 1524 primo
766 1437 910 1503 omnium
946 1436 1009 1502 hoc
1045 1457 1180 1501 numero
1215 1436 1326 1501 anima

314 1526 478 1593 mundana
509 1530 663 1611 generata
691 1528 753 1610 est,
785 1525 869 1591 sicut
895 1524 1047 1590 Timaeus
1074 1522 1224 1589 Platonis
1254 1523 1366 1589 ado

314 1615 390 1681 cuit.
430 1615 567 1681 monade
591 1615 676 1680 enim
699 1616 732 1678 in
756 1613 876 1680 uertice
899 1613 1008 1678 locata
1029 1613 1113 1678 terni
1136 1634 1263 1677 namen
1254 1612 1324 1678 ab
1333 1613 1377 1678 46

314 1703 425 1770 cadem
454 1726 492 1769 cx
520 1705 556 1768 ut
557 1725 654 1788 reque
682 1707 775 1787 parto
799 1702 971 1786 fluxerunt,
998 1703 1039 1766 ab
1063 1699 1125 1767 hac
1147 1722 1256 1785 pares,
1283 1701 1325 1767 ab

275 1810 301 1852 ιι
315 1792 404 1859 illa
394 1815 545 1878 rmpares,
567 1793 599 1856 id
624 1794 675 1857 est
696 1795 772 1876 post
790 1790 961 1857 monadem
980 1813 1000 1855 a
1019 1792 1112 1875 parte
1131 1790 1235 1855 altera
1239 1788 1327 1875 duo,

314 1882 389 1947 inde
412 1882 574 1967 quattuor,
597 1881 710 1945 deinde
733 1883 821 1963 octo,
845 1880 886 1943 ab
910 1879 1014 1944 altera
1037 1900 1114 1943 uero
1138 1883 1231 1962 parte
1254 1879 1327 1963 tria,

314 1970 428 2035 deiude
465 1991 597 2052 nouem,
634 1972 667 2033 et
703 1968 778 2032 inde
815 1966 935 2051 uiginti
972 1963 1112 2052 septem,
1149 1970 1182 2031 et
1209 1987 1249 2030 ex
1276 1966 1326 2032 his

313 2057 457 2124 numeris
481 2057 570 2124 iacta
593 2057 756 2122 contextio
781 2056 1024 2140 generationem
1044 2055 1172 2120 animae
1191 2053 1327 2138 imperio

315 2145 469 2213 creatoris
489 2146 602 2212 effecit
638 2167 705 2211 non
724 2167 825 2230 parua
845 2163 921 2228 ergo
940 2144 1016 2208 hinc
1033 2143 1181 2227 potentia
1198 2144 1378 2209 numeritt

276 2252 302 2293 ιι
314 2235 411 2301 huius
436 2234 626 2318 ostenditur,
650 2234 725 2320 quia
744 2232 926 2298 mundanae
945 2231 1072 2296 animae
1091 2231 1184 2316 origo
1203 2233 1327 2315 septem

315 2323 435 2390 finibus
462 2323 660 2405 continetur,
688 2325 813 2408 septem
841 2343 969 2408 quoque
997 2319 1187 2406 uagantium
1214 2319 1328 2405 sphae-

316 2437 425 2480 rarum
462 2413 606 2480 ordinem
644 2412 692 2477 illi
728 2411 969 2477 stelliferaet
936 2415 969 2476 et
1001 2432 1114 2476 omnes
1146 2410 1325 2476 continenti

316 2503 456 2571 subiecit
478 2503 594 2569 artifex
618 2502 824 2570 fabricatoris
845 2499 1058 2586 prouidentia,
1082 2522 1163 2586 quae
1183 2502 1217 2567 et
1234 2522 1327 2586 supe·

316 2595 411 2660 rioris
442 2593 565 2679 rapidis
600 2593 740 2659 motibus
773 2593 943 2658 obuiarent
975 2595 1008 2657 et
1034 2590 1190 2657 inferiora
1217 2592 1327 2658 omnia

277 2699 303 2739 ιι
317 2683 545 2770 gubernarent
589 2682 701 2747 lunam
730 2703 857 2767 quoque
884 2680 977 2765 quasi
1001 2702 1040 2745 ex
1063 2680 1129 2746 illis
1152 2678 1324 2764 septimam
1336 2680 1377 2748 48

317 2793 468 2837 numerus
510 2771 715 2854 septenarius
756 2772 879 2852 mouet,
920 2791 1113 2854 cursumque
1154 2768 1222 2833 eius
1258 2768 1328 2853 ipse

318 2858 492 2961 dispensat
539 2860 624 2944 quod
648 2881 721 2923 cum
744 2858 857 2922 multis
880 2857 984 2922 modis
1007 2857 1177 2943 probetur,
1201 2856 1242 2920 ab
1264 2857 1327 2922 hoc

317 2946 454 3031 incipiat
483 2947 618 3011 ostendi.
667 2946 746 3010 luna
774 2949 849 3011 octo
813 2948 910 3010 toet
938 2945 1058 3031 uiginti
1085 2965 1186 3029 prope
1214 2943 1327 3008 drebus
1336 2945 1380 3011 49

317 3035 417 3099 totius
451 3034 573 3100 zodiaci
606 3035 711 3099 ambit
697 3037 766 3099 tum
800 3034 937 3099 conficit.
987 3055 1064 3098 nam
1096 3034 1158 3097 etsi
1188 3053 1246 3116 per
1272 3032 1328 3096 tri-

278 3136 304 3179 ιι
318 3122 411 3207 ginta
433 3123 502 3187 dies
526 3123 567 3187 ad
591 3122 704 3208 solem,
727 3144 831 3224 aquo
850 3122 998 3207 profecta
1016 3125 1067 3186 est
1084 3125 1217 3202 remeat,
1240 3120 1328 3184 solos

318 3212 425 3274 tamen
454 3209 521 3275 fere
550 3210 667 3297 uiginti
696 3211 805 3276 octo
795 3232 829 3274 ιιι
857 3213 928 3274 tota
955 3208 1079 3275 zodiaci
1107 3207 1329 3273 circumitione

318 3298 493 3382 consumit,
522 3299 656 3383 reliquis
684 3299 800 3380 solem,
833 3298 888 3382 qui
917 3297 955 3361 de
982 3299 1068 3377 loco,
1100 3296 1136 3360 in
1163 3316 1227 3381 quo
1257 3317 1328 3359 eum

317 3386 463 3472 reliquit,
492 3390 672 3452 accesserat
699 3386 938 3471 conprehendit.
984 3386 1032 3452 sot
1059 3385 1144 3450 enim
1168 3405 1268 3449 unum
1291 3382 1329 3447 de
1339 3387 1382 3454 50

319 3437 486 3540 duodeciin
525 3475 627 3561 signis
664 3476 793 3562 integro
830 3496 940 3539 meuse
973 3474 1052 3540 met
1053 3477 1114 3539 tur
1170 3493 1330 3556 ponamus

279 3581 305 3622 ιο
319 3585 397 3650 ergo
425 3563 551 3629 selein
574 3565 679 3649 prima
701 3566 795 3649 parte
818 3563 929 3629 arietis
954 3563 1130 3630 constituto
1154 3561 1229 3626 ab
1220 3559 1331 3645 ipsius,

393 3734 479 3848 lbec
499 3780 532 3831 cd
553 3775 587 3830 de
605 3775 634 3829 Β
697 3773 885 3830 2drrenmuf
898 3774 927 3828 Β
991 3788 1102 3842 quoqne
1121 3771 1266 3830 demam·
1254 3789 1287 3827 ιιι
1304 3773 1332 3828 Β

319 3846 436 3917 tetus
452 3847 506 3901 ΡΒ
581 3847 778 3902 nuncinemas
797 3844 885 3900 sal’:
903 3843 962 3900 m'd.
981 3843 1143 3911 (ubscnon
1213 3840 1329 3898 nsusP'

320 3865 449 4003 trepidi
466 3918 483 3972 1
485 3918 520 3972 Β
584 3917 762 3972 uhcmrnum
781 3922 813 3972 ut
831 3915 889 3970 uid.
909 3911 944 3970 Β
1014 3913 1172 3985 'tplatonrs
1187 3911 1289 3969 umens
1303 3913 1331 3968 Β

356 3990 421 4043 eiu
440 3988 583 4045 edocuit
571 4006 602 4043 ιιι
620 4005 676 4044 rus
700 3988 777 4072 ιἰιΒ
850 3991 883 4040 12
908 3932 1332 4056 erebriffuitse'nrastB

321 4062 354 4111 16
373 4060 522 4129 sperauB
591 4064 623 4113 18
632 4075 808 4142 superrorrp
876 4055 1086 4112 21numen1B
1152 4061 1186 4111 26
1202 4054 1332 4110 XXVIIII

320 4129 348 4252 tB
399 4134 454 4253 Bab
473 4129 584 4185 duocrm
603 4127 637 4183 Β
726 4134 760 4184 ³0
779 4128 863 4182 solem
883 4129 911 4182 Β
998 4128 1078 4182 unctu
1097 4128 1126 4182 P
1201 4125 1331 4183 constuto-

334 4216 380 4252 um
