3322 5190
755 819 780 873 V
798 825 888 875 6-14
1285 820 1326 882 21

315 981 419 1046 Varro
442 980 623 1046 imitatores
642 1001 677 1044 se
697 980 889 1065 gloriantur,
913 980 1055 1046 adimere
1079 981 1131 1045 uis
1154 981 1329 1045 uerborum

315 1069 455 1135 comitiis
482 1069 533 1134 ius
555 1068 771 1154 suffragandi,
798 1073 832 1134 et
858 1072 1026 1155 tamquam
1054 1068 1329 1154 sexagenarios

316 1158 452 1224 maiores
471 1157 514 1223 de
533 1160 650 1242 ponte
669 1157 812 1224 deicias?
831 1159 927 1243 plura
946 1159 984 1224 de
1007 1158 1069 1225 hoc
1088 1156 1379 1243 dissereremue,ll

315 1248 348 1313 ni
370 1270 430 1313 uos
451 1247 574 1313 inuitos
597 1248 638 1312 ab
662 1246 767 1313 inuito
791 1247 956 1314 discedere
980 1249 1063 1314 hora
1086 1249 1226 1335 cogeret
1272 1247 1329 1313 sed

293 1336 458 1402 sunltisne
481 1337 563 1402 diem
584 1340 783 1423 sequentem,
807 1359 902 1423 quern
925 1338 1071 1424 plerique
1090 1359 1201 1404 omnes
1226 1336 1328 1403 abaco

316 1429 346 1492 et
373 1427 566 1492 latrunculis
598 1430 786 1511 conterunt,
818 1449 879 1492 nos
908 1426 982 1493 istis
1010 1427 1129 1493 sobriis
1162 1426 1281 1492 fabulis
1310 1449 1329 1491 a

316 1516 419 1600 primo
439 1516 520 1581 lucis
540 1516 572 1580 iu
592 1537 689 1581 cenae
704 1518 844 1600 tompus,
862 1516 967 1600 ipsam
983 1538 1112 1602 quoquc
1131 1537 1244 1581 cenam
1261 1537 1328 1580 non

316 1605 465 1670 obrutam
488 1605 625 1689 poculis,
646 1627 713 1670 non
736 1604 959 1671 lasciuientem
984 1605 1129 1689 ferculis,
1143 1604 1208 1670 'sed
1233 1625 1328 1689 quae

316 1693 474 1758 ationibue
502 1693 607 1759 doctis
635 1693 786 1778 pudicam
815 1697 849 1758 et
875 1695 996 1759 mutuis
1020 1716 1059 1759 er
1082 1695 1167 1759 lecto
1196 1692 1328 1759 relatio-

284 1783 408 1849 unibns
436 1782 626 1869 exigamus?
653 1783 701 1849 sic
729 1784 815 1849 enirn
843 1783 942 1849 ferias
970 1807 1049 1870 prae
1077 1783 1167 1849 omni
1195 1781 1327 1869 negotio
1341 1783 1382 1847 12

316 1872 397 1938 fetae
429 1872 592 1938 commodi
618 1873 830 1958 senserimus,
857 1896 924 1939 non
952 1874 1110 1959 animum,
1137 1877 1176 1938 ut
1198 1872 1330 1956 dicitur,

316 1961 518 2026 remittentes
539 1999 577 2009 —
597 1983 673 2026 narn
696 1963 900 2028 remittere
918 1963 1026 2047 inquit
1043 1962 1225 2028 Mvsosrvs
1249 1961 1330 2026 ani·

316 2071 411 2113 mum
439 2050 550 2135 quasi
578 2051 757 2115 amittere
780 2054 839 2115 est
863 2088 902 2098 -
932 2050 989 2115 sed
1013 2051 1232 2116 demulcentes
1257 2071 1331 2114 cum

315 2137 495 2223 paululum,
518 2141 615 2223 alque
634 2138 781 2203 laxantes
805 2139 952 2203 iucundis
975 2138 1188 2223 honestisque
1212 2159 1329 2203 senno·

286 2247 393 2289 onum
418 2225 692 2290 inlectationibus.
737 2224 823 2310 quod
850 2228 879 2291 si
909 2228 956 2291 ita
984 2226 1169 2309 decernitis,
1198 2225 1248 2290 dis
1271 2225 1329 2291 Pe-

314 2314 445 2378 natibus
473 2315 553 2378 meis
579 2313 644 2378 buc
667 2315 889 2379 conueniendo
914 2315 1136 2399 gratissimum
1164 2312 1329 2379 feceritis?

404 2401 488 2466 Tum
512 2400 728 2486 Symmachus
753 2401 874 2468 ‘nullus
905 2403 1111 2490 quiquidem
1136 2424 1171 2469 se
1194 2402 1327 2488 dignum
1341 2403 1383 2468 13

315 2491 377 2557 hoc
401 2495 561 2556 conuentu
585 2491 778 2575 meminerit,
802 2492 1007 2557 sodalitatem
1035 2493 1122 2557 hunc
1144 2492 1197 2557 uel
1221 2492 1329 2576 ipsum

315 2582 496 2644 conuentus
518 2600 627 2665 regem
651 2579 850 2664 repudiabit,
874 2580 929 2644 sed
953 2580 1073 2665 nequid
1097 2581 1137 2644 ad
1160 2580 1331 2666 perfectio-

282 2689 391 2733 ronem
422 2671 534 2732 coetus
564 2666 778 2749 desideretur,
805 2668 994 2733 inuitandos
1022 2668 1063 2731 ad
1091 2669 1228 2733 eundem
1257 2690 1330 2732 oon-

315 2777 464 2840 gressum
478 2754 725 2839 conuictumqne
741 2777 855 2821 censeo
871 2755 1071 2837 Flauianum,
1089 2756 1154 2841 qni,
1173 2760 1329 2841 quantum

315 2843 359 2906 sit
374 2843 521 2907 mirando
539 2843 611 2907 uiro
625 2841 773 2908 Venusto
787 2846 880 2927 patre
893 2845 1120 2929 praestantior,
1140 2866 1207 2908 non
1221 2844 1329 2909 minus

315 2934 431 2995 ornatu
463 2953 590 2995 moram
622 2932 849 3016 grauitateque
881 2933 970 2997 uitae
996 2954 1095 3018 quarn
1129 2933 1224 3018 copia
1257 2954 1330 3016 pro-

315 3018 434 3083 fundae
461 3018 653 3084 eruditionis
687 3019 848 3086 adseruit:
879 3020 1039 3105 simulque
1067 3020 1330 3104 Postumianum,

281 3109 370 3193 requi
397 3107 505 3173 forum
533 3108 758 3174 defensionum
787 3108 976 3195 dignatione
1008 3109 1177 3176 nobilitat:
1206 3113 1240 3174 et
1266 3108 1331 3175 Eu-

316 3197 487 3282 statbium,
510 3199 565 3283 qui
585 3201 695 3263 tantus
718 3199 753 3262 in
778 3198 866 3263 omni
885 3220 1003 3284 genere
1022 3199 1251 3284 philosophiae
1270 3202 1330 3284 est,

315 3289 351 3350 ut
373 3288 462 3351 solus
484 3287 580 3352 nobis
600 3290 825 3372 repraesentet
846 3288 980 3374 ingenia
1003 3290 1101 3353 trium
1120 3288 1329 3373 philosopho·

315 3397 401 3454 rum,
433 3374 473 3440 de
504 3374 622 3460 quibus
649 3380 761 3442 nostra
788 3376 968 3462 antiquitas
996 3378 1137 3461 gloriata
1164 3379 1227 3459 est,
1253 3377 1329 3441 illos

316 3463 395 3547 dico,
419 3485 500 3547 quos
523 3462 740 3531 Athenienses
769 3465 932 3550 quondam
961 3466 1002 3529 ad
1025 3470 1174 3530 senatum
1202 3466 1328 3551 legaue
1343 3467 1384 3534 14

281 3578 306 3617 so
317 3556 391 3616 rant
409 3552 629 3638 impetratum,
653 3555 700 3618 uti
720 3554 860 3618 multam
878 3554 1068 3638 remitteret,
1087 3576 1185 3639 quarn
1203 3555 1330 3619 ciuitati

385 3735 531 3790 cerami
549 3736 631 3807 anag.
651 3735 716 3791 ehil.
736 3737 749 3789 1
768 3738 833 3792 cent
852 3737 876 3793 v
896 3744 930 3792 ar
948 3756 976 3808 p.
992 3737 1080 3792 icen
1099 3736 1155 3805 (es.
1170 3737 1233 3792 sae.
1249 3740 1329 3807 rau)

386 3908 484 3959 lours
506 3920 536 3958 se
558 3905 623 3961 odd.
643 3905 710 3960 eet
783 3904 1006 3975 alexagensrro
1026 3901 1062 3960 If
1134 3902 1333 3960 edisseremus

315 3968 349 4026 n
355 3970 389 4028 1⁷
441 3981 539 4048 τους
553 3975 587 4044 Ρ,
601 3992 669 4031 caen
703 3976 732 4031 Β
781 3976 899 4049 cenaP
948 3981 980 4031 10
996 3975 1071 4049 fetas
1080 3976 1109 4030 P
1154 3982 1187 4031 14
1200 3974 1329 4047 paullum

316 4045 343 4099 B
415 4050 448 4100 15
466 3992 688 4103 iliectstronrbui
702 4048 753 4101 bP
822 4052 857 4101 20
876 4048 956 4121 cetus
971 4048 1000 4102 P
1050 4053 1084 4101 21
1103 4063 1204 4102 censeo
1224 4063 1274 4102 om.
1293 4043 1329 4102 P'

316 4115 496 4173 renitando
512 4117 549 4173 P'
621 4123 657 4172 24
675 4118 792 4174 offeruit
809 4119 838 4173 P
907 4125 940 4173 2⁷
960 4119 1131 4189 phrlofornm
1150 4117 1186 4173 ΙΪ
1259 4123 1328 4172 280

317 4188 416 4256 qarbuf
429 4189 458 4244 Β
511 4195 545 4244 29
565 4190 628 4246 drco
647 4190 700 4260 Pt,
719 4206 802 4259 quoq.
822 4191 850 4245 Β
905 4195 939 4244 30
959 4189 1109 4246 multusP
