3442 5190
668 801 746 856 XIIII
763 807 870 859 18-11
894 802 946 858 XV
965 806 1034 860 1-o
1293 803 1360 869 645

345 986 383 1028 ex
411 963 476 1028 illis
505 965 562 1028 aut
576 961 783 1030 'concitatior
810 985 881 1029 esse
909 965 1016 1049 possit
1038 967 1095 1030 aut
1119 964 1265 1052 segnior,
1293 987 1359 1031 non

345 1050 457 1116 eodem
485 1054 595 1115 tamen
623 1051 780 1135 temporis
809 1052 916 1137 spatio
945 1074 1058 1118 omnes
1082 1053 1241 1117 ambitum
1266 1075 1360 1118 suum

345 1142 513 1226 peragunt.
554 1160 684 1204 causam
706 1161 785 1204 uero
809 1140 870 1205 sub
894 1140 1007 1205 eadem
1031 1141 1195 1205 celeritate
1220 1139 1361 1225 disparis

345 1227 443 1312 spatii
466 1227 573 1310 aptius
597 1248 657 1292 noa
682 1227 852 1311 sequentia
875 1226 1045 1294 docebunt.

319 1367 333 1409 s
433 1349 492 1416 His
512 1350 551 1416 de
570 1350 710 1417 siderum
729 1353 846 1416 natura
860 1353 894 1417 et
911 1351 1036 1417 siderea
1050 1351 1218 1418 hominum
1233 1355 1342 1418 mente
1351 1351 1416 1419 XV

344 1440 483 1506 narratis
514 1463 626 1507 rursus
659 1440 763 1505 lilium
791 1442 883 1525 pater
910 1445 948 1507 ut
975 1441 1009 1507 in
1037 1440 1114 1507 deos
1142 1442 1229 1528 pius,
1261 1444 1299 1507 ut
1325 1441 1358 1508 in

344 1529 491 1595 homines
515 1530 620 1596 iustus
643 1532 729 1596 esset
751 1530 910 1616 hortatus,
933 1531 1114 1618 praemium
1138 1553 1250 1596 rursus
1272 1531 1360 1597 adic-

344 1619 390 1684 oit
411 1619 585 1685 ostendens
613 1621 752 1686 lacteum
777 1619 931 1685 circulum
955 1621 1132 1686 uirtutibus
1157 1619 1302 1686 debitum
1326 1623 1360 1687 et

345 1709 511 1774 bealorum
542 1714 635 1775 coetu
664 1710 831 1793 refertum,
864 1712 954 1775 cuius
982 1710 1130 1775 meminit
1157 1709 1207 1775 his
1235 1710 1358 1776 uerbis:

307 1802 429 1864 neret
465 1802 593 1865 autem
631 1799 662 1864 is
701 1798 1019 1883 splendidissimo
1057 1799 1221 1881 candore
1255 1800 1361 1866 inter

346 1888 521 1953 flammas
552 1888 677 1953 circus
701 1889 871 1973 elucens,
898 1912 1010 1973 quem
1036 1911 1118 1972 uos,
1141 1893 1224 1954 uta
1247 1887 1360 1956 Grais

346 1978 569 2063 accepistis,
601 1978 730 2042 orbern
765 1978 932 2044 lacteum
960 1978 1202 2062 nuncupatis.
1253 1979 1391 2046 orbis2

345 2066 398 2131 hic
430 2067 516 2132 idem
550 2067 637 2151 quod
669 2068 794 2132 circus
822 2067 854 2131 iu
889 2067 985 2132 lactei
1013 2067 1232 2151 appellatione
1260 2066 1361 2152 signi·

346 2155 431 2218 ficut.
477 2157 527 2218 est
550 2157 658 2219 autem
682 2155 833 2219 lacteus
856 2176 940 2219 unus
964 2177 981 2217 e
1004 2155 1108 2236 circis,
1133 2155 1187 2239 qui
1212 2155 1362 2219 ambiunt

309 2265 335 2305 rs
350 2241 487 2305 caelum:
506 2246 540 2306 et
558 2245 635 2306 sunt
653 2244 783 2324 praetor
802 2263 876 2306 eum
893 2263 1027 2306 numero
1042 2241 1162 2324 decem,
1181 2240 1361 2324 dequibus,

346 2351 428 2413 quae
448 2328 583 2395 dicenda
602 2335 687 2409 suut,
706 2328 916 2415 proferemus,
939 2352 1011 2396 cum
1032 2329 1071 2394 de
1090 2329 1153 2395 hoc
1171 2331 1359 2412 competens

347 2440 451 2484 sermo
484 2420 687 2504 processerit.
738 2420 826 2484 solus
858 2441 897 2483 ex
930 2419 1082 2485 omnibus
1114 2417 1167 2483 hic
1195 2418 1359 2484 subiectus

347 2510 398 2573 ast
429 2508 543 2592 oculis,
581 2507 697 2573 ceteris
730 2507 858 2573 circulis
891 2509 996 2593 iringis
1030 2508 1228 2594 cogitatione
1262 2529 1358 2591 quam

348 2597 419 2661 uisu
448 2595 754 2682 conprehendendis.
801 2596 839 2661 dc
867 2596 929 2662 hoc
957 2599 1061 2662 lactco
1088 2596 1183 2661 multi
1213 2596 1298 2661 inter
1324 2599 1390 2663 acb

307 2702 334 2740 2⁰
347 2684 476 2748 diuersa
499 2688 677 2768 seriscrunt,
699 2706 877 2769 causasque
901 2687 970 2751 cius
991 2685 1047 2750 alii
1067 2684 1242 2766 fabulosas,
1265 2688 1359 2748 natu-

346 2772 432 2836 rales
460 2773 516 2837 alii
543 2774 760 2858 protulerunt:
789 2772 844 2838 sed
868 2795 928 2838 noa
952 2773 1102 2838 fabulosa
1125 2773 1298 2837 reticentes
1321 2793 1361 2836 ea

346 2861 488 2943 tautum,
521 2883 601 2945 quae
634 2862 674 2926 ad
707 2863 856 2925 naturam
887 2862 955 2926 eius
983 2863 1055 2925 uisa
1082 2863 1158 2924 sunt
1184 2859 1358 2943 pertinere,

346 2947 498 3013 dicemus.
535 2949 781 3034 Theophrastus
804 2950 944 3015 lacteum
968 2949 1052 3014 dixit
1069 2969 1138 3013 csse
1157 2948 1392 3032 compagem,4

346 3059 411 3122 qua
442 3037 481 3101 de
512 3037 637 3103 duobus
666 3039 913 3123 hemisphaeriis
942 3038 1022 3104 caeli
1050 3037 1190 3121 sphaera
1219 3035 1360 3101 solidata

306 3130 408 3208 esest,
442 3129 475 3189 et
504 3127 591 3210 ideo,
623 3128 679 3192 ubi
708 3150 783 3191 orac
812 3128 974 3212 utrimque
1002 3129 1237 3207 conuenerant,
1268 3126 1360 3190 nota-

346 3216 444 3282 bilem
469 3216 650 3281 claritatem
675 3218 787 3299 uideri,
810 3216 971 3283 Diodorus
991 3217 1097 3304 ignem
1118 3237 1187 3281 csse
1209 3214 1393 3281 densetaeh

346 3308 578 3391 concretaeque
606 3308 740 3371 naturae
769 3307 803 3370 in
831 3328 930 3372 unam
960 3308 1049 3372 curui
1073 3305 1186 3370 limitis
1211 3304 1362 3369 semitam

346 3394 538 3460 discretione
562 3395 745 3460 mundanae
768 3395 912 3460 fabricae
936 3397 1151 3461 coaceruante
1176 3396 1362 3459 concretum

346 3487 380 3548 et
403 3482 474 3549 ideo
497 3485 602 3549 seierum
623 3483 779 3549 intuentis
799 3483 970 3549 admittere
990 3483 1115 3568 reliquo
1134 3483 1211 3568 igne
1229 3482 1359 3548 caelest'

306 3573 451 3638 solocem
477 3595 569 3638 suam
593 3574 694 3639 nimia
717 3572 900 3638 subtilitate
923 3573 1072 3638 diffusam
1095 3594 1162 3636 non
1185 3571 1363 3636 subiciente

347 3663 547 3746 conspectui,
581 3662 786 3727 Democritus
819 3661 1006 3727 innumeras
1039 3661 1152 3726 stellas
1185 3661 1394 3744 breuesqued

347 3770 472 3832 omncs,
499 3772 582 3834 quae
611 3753 717 3835 spisso
745 3751 849 3815 tractu
878 3750 911 3813 in
941 3771 1040 3815 unum
1064 3751 1209 3831 coactae,
1240 3748 1365 3832 spatiis,

347 3860 429 3923 qnae
466 3839 699 3924 angustissima
735 3839 927 3904 interiacent
963 3839 1102 3923 opertis,
1138 3837 1265 3903 uicinae
1302 3836 1367 3901 sibi

348 3967 484 3974 --.--.,«

419 4032 541 4100 oputcr
563 4047 612 4086 ona
639 4029 674 4083 F
773 4036 803 4083 11
830 4030 952 4085 crrculul
971 4031 1000 4083 P
1089 4035 1128 4113 lu,
1145 4028 1321 4099 proferamus
1340 4029 1368 4081 P

348 4100 491 4225 {gnqgmllp
511 4101 540 4153 P
615 4105 648 4154 23
669 4099 838 4155 thaolraltul
854 4101 882 4154 P
950 4105 985 4154 25
1005 4101 1072 4172 hore
1090 4101 1119 4153 P
1202 4104 1237 4154 28
1255 4114 1368 4155 coacer-

402 4269 545 4310 llacsonrvs
1119 4261 1154 4310 35
