3442 5190
690 771 794 827 XXIIII
815 776 902 827 1-10
1234 772 1299 838 129

289 934 409 1001 uideris
449 935 535 1000 enim
576 934 657 999 mihi
697 936 745 999 ita
787 933 893 999 adhuc
929 933 1138 1022 Vergilianus
1178 934 1300 1001 habero

290 1044 415 1106 uorsus,
450 1023 590 1108 qualiter
621 1043 677 1089 eos
710 1022 804 1107 pueri
835 1022 1002 1110 magistris
1036 1024 1300 1110 praelegentibus

291 1109 502 1178 canebamus'.

375 1199 489 1264 ‘immo
508 1199 598 1284 pueri
617 1221 689 1265 cum
707 1221 857 1282 essemus,
876 1197 1078 1284 Symmacho,
1097 1201 1166 1266 sine
1181 1201 1330 1269 iudicioli

268 1287 498 1371 siuirabumur,
525 1288 685 1374 inspicere
712 1292 822 1355 autem
851 1289 932 1354 uitia
958 1311 1017 1355 nec
1041 1311 1099 1376 per
1122 1290 1297 1377 magistros

291 1401 346 1445 nec
372 1399 429 1464 per
457 1381 598 1445 aetatem
626 1378 752 1444 licebat.
800 1401 882 1464 quae
910 1382 1019 1444 tamen
1048 1402 1112 1445 non
1140 1381 1298 1464 pudenter

292 1468 455 1554 quisquam
479 1468 628 1555 negabit,
656 1469 822 1554 cumipse
845 1470 1012 1535 confessus
1036 1469 1087 1537 sit.
1134 1470 1188 1555 qui
1212 1472 1298 1536 enim

292 1559 427 1623 monens
459 1579 575 1643 poema
607 1579 701 1623 suum
732 1557 855 1645 legauit
883 1557 966 1712 ipsi,
998 1558 1073 1643 quid
1101 1558 1163 1624 nisi
1192 1559 1298 1625 famae

293 1667 365 1713 arrae
402 1647 539 1712 uulnera
569 1647 754 1731 posteritati
786 1646 1007 1712 subtraienda
1039 1647 1187 1713 errrauit?
1241 1670 1299 1714 nec

252 1735 446 1802 aoiumerito.
487 1735 617 1802 erubuit
635 1737 754 1822 quippe
773 1737 812 1801 de
831 1758 865 1802 se
884 1737 996 1802 lutura
1014 1737 1142 1822 iudicia,
1165 1738 1193 1802 si
1212 1737 1327 1823 lege-I

292 1829 375 1891 retur
401 1826 516 1913 petitio
543 1826 621 1891 deae
649 1826 813 1912 precantis
837 1825 905 1892 filio
929 1848 1022 1891 arma
1046 1849 1066 1891 a
1089 1826 1220 1907 marito,
1248 1827 1299 1893 cui

293 1916 349 1982 soli
371 1920 536 2002 nupserat,
558 1938 619 1982 nec
643 1939 681 1982 er
701 1939 739 1983 eo
758 1915 882 2002 prolem
902 1915 1081 2002 suscepisse
1100 1937 1134 1982 se
1153 1921 1300 1999 nouerat,

293 2007 342 2070 uel
364 2007 392 2072 si
415 2007 502 2072 mille
526 2007 590 2071 alia
613 2007 751 2072 multum
776 2005 927 2091 pudenda
946 2028 1002 2071 seu
1021 2006 1055 2072 in
1075 2006 1183 2072 uerbis
1203 2006 1299 2073 modo

294 2094 420 2161 Graecis
445 2094 541 2160 modo
564 2095 713 2160 barbarie
738 2116 794 2158 seu
814 2095 847 2159 in
866 2095 939 2178 ipse
957 2094 1172 2177 dispositione
1191 2096 1299 2179 operis

247 2182 624 2268 ”deprehenderentur’

378 2270 521 2356 Cumque
536 2270 640 2335 adhuc
654 2269 814 2336 dicentem
829 2290 940 2334 omues
955 2269 1208 2353 exhorruissent,
1227 2271 1333 2341 sub-8

294 2360 395 2424 terruit
409 2358 619 2443 Symmachus
634 2357 726 2424 ‘haec
741 2363 791 2424 est
805 2358 944 2445 quidem,
963 2358 1139 2444 Euangele,
1157 2359 1303 2426 Maronis

294 2449 409 2535 gloria,
436 2450 474 2512 nt
500 2447 620 2513 nullius
651 2448 801 2515 laudibus
829 2451 967 2532 crescet,
995 2447 1117 2513 nullius
1140 2448 1302 2533 uitupere-

294 2541 379 2604 lione
398 2538 573 2619 minuatum
597 2560 708 2604 uerum
728 2540 801 2622 ista,
819 2558 901 2622 quae
920 2536 1112 2622 proscindis,
1133 2537 1303 2605 defendero

244 2629 428 2714 asquilibet
463 2631 572 2712 potest
608 2649 647 2692 ex
682 2627 809 2712 plebeia
841 2628 1128 2712 grammeIIcorum
1161 2629 1304 2713 cohorte,

294 2738 332 2782 ne
350 2716 463 2783 Seruio
482 2720 604 2800 nostro,
622 2717 677 2801 qui
697 2717 829 2800 priscos,
848 2720 885 2779 ut
905 2737 977 2779 mea
994 2715 1057 2779 lert
1072 2715 1191 2800 opinio,
1209 2740 1303 2801 prae·

295 2809 438 2890 captores
458 2805 606 2869 doctrina
624 2807 779 2889 praestat,
803 2805 836 2867 iu
856 2803 1047 2868 excusandis
1066 2804 1186 2870 talibus
1207 2827 1302 2889 quae·

294 2898 382 2958 ratur
405 2892 535 2978 iniuria,
551 2893 618 2963 ‚sed
643 2915 779 2978 quaero,
805 2895 912 2957 utrum
938 2914 1011 2957 eum
1034 2892 1162 2975 poetica
1184 2893 1245 2958 tibi
1270 2895 1304 2959 in

295 2984 385 3047 tanto
408 2986 506 3066 poeta
529 2981 745 3066 displicuerit,
772 2982 863 3047 nerui
888 2984 998 3046 temen
1021 2982 1169 3064 oratorii,
1192 2982 1247 3067 qui
1270 2984 1304 3047 in

248 3071 401 3137 neodem
427 3070 619 3136 calidissimi
643 3074 727 3157 sunt,
751 3071 878 3156 placere
900 3068 1108 3135 uideanturl'

380 3159 469 3225 Haec
516 3161 615 3227 uerba
655 3160 798 3246 primum
839 3158 1001 3244 Euangeli
1043 3159 1128 3225 risus
1170 3160 1335 3244 excepit.9

296 3249 404 3314 deinde
433 3249 571 3315 subiecit
597 3249 641 3313 ‘id
670 3249 777 3316 hercle
806 3251 909 3314 restat
936 3248 1087 3334 deniquo,
1114 3250 1152 3312 ut
1179 3252 1213 3313 et
1236 3270 1305 3315 ora·

296 3343 395 3403 torem
422 3337 606 3425 Vergilium
635 3338 842 3420 renuntietis,
870 3359 929 3403 nec
957 3339 1076 3402 mirum
1105 3359 1178 3403 cum
1207 3339 1305 3403 etad

297 3426 504 3512 philosophos
524 3449 597 3492 eum
614 3427 756 3493 ambitus
770 3431 879 3492 uester
893 3426 992 3511 paulo
1007 3429 1084 3491 onte
1098 3426 1304 3510 prouexerit'.

255 3531 287 3573 2⁰
381 3513 427 3580 ‘Si
458 3515 493 3579 in
524 3515 586 3582 hac
618 3517 769 3601 opinione
801 3515 847 3581 os'
880 3515 987 3600 inquit
1013 3513 1228 3600 Symmachus
1259 3515 1307 3581 ‘ut
1320 3519 1360 3583 10

296 3602 383 3669 Maro
420 3604 480 3668 tibi
517 3604 598 3668 nihil
635 3605 698 3669 nisi
731 3605 895 3687 poeticum
934 3604 1075 3668 sensisse
1108 3604 1307 3687 aestimetur,

297 3730 305 3738 ο
314 3729 467 3739 ...η-νυ..
476 3730 505 3738 --

364 3800 382 3848 t
400 3793 551 3850 simmacho
569 3795 631 3850 BP
687 3794 793 3849 rudrcra
811 3790 847 3849 1’·
908 3798 923 3847 6
943 3809 978 3847 on
997 3795 1028 3848 in
1046 3811 1102 3849 non
1120 3795 1268 3851 inruant
1283 3795 1311 3848 P

297 3866 447 3920 euoluere
464 3881 515 3921 em.
534 3866 561 3920 B
622 3868 815 3921 tornamento
835 3866 862 3920 B
917 3868 949 3917 11
970 3864 1065 3933 phitio
1085 3866 1120 3919 de
1141 3864 1307 3919 recautilB

299 3940 330 3989 11
347 3935 393 3989 uel
411 3935 432 3990 lr
451 3937 531 3991 milia
549 3936 607 3991 aha
625 3937 654 3991 B
743 3935 930 4006 pudendenda
949 3933 983 3988 B'
1076 3940 1108 3988 11
1137 3935 1268 3990 1111111111
1284 3935 1312 3988 P

298 4005 425 4075 equidem
443 4008 472 4062 Ρ
530 4012 563 4064 18
581 4006 676 4061 nullus
691 4008 733 4062 bie
751 4004 785 4059 H
841 4011 874 4060 27
891 4006 965 4060 ercle
987 4006 1014 4060 P
1062 4011 1096 4061 28
1116 4006 1261 4074 ungrhnm
1281 4003 1308 4058 It

299 4094 396 4132 mirum
415 4094 479 4132 eum
497 4079 534 4146 B,
553 4095 732 4133 rnrrumcum
753 4078 851 4133 euml>
916 4081 949 4130 19
969 4095 1032 4133 eum
1051 4093 1102 4131 em.
1120 4078 1148 4132 B
1213 4082 1248 4132 80
1267 4092 1309 4130 m-

299 4147 363 4216 quid
383 4146 417 4203 lt
474 4148 614 4203 limachul
630 4149 657 4203 P

350 4247 491 4289 niueam
1079 4241 1096 4290 9
