3322 5190
634 829 661 884 ΙΙ
680 834 768 884 e—le
1145 829 1212 893 253

193 990 279 1075 quod
307 992 415 1057 totum
440 988 624 1055 Homericis
652 989 716 1055 filis
743 991 858 1055 texuit
905 989 961 1055 ille
988 989 1074 1055 enim
1102 989 1243 1056 uitaret)

193 1078 227 1143 in
259 1081 412 1161 poemate
443 1077 674 1142 historicorum
708 1077 969 1158 similitudinem,
1007 1078 1125 1162 quibus
1161 1077 1212 1141 lex

193 1170 244 1231 eet
275 1165 417 1250 incipere
451 1166 493 1228 ab
526 1165 657 1230 exordio
685 1187 794 1230 reram
823 1169 856 1230 et
883 1165 1071 1231 continuam
1099 1186 1212 1229 narra-

193 1254 313 1320 tionem
347 1252 387 1318 ad
421 1255 518 1317 linem
551 1275 653 1338 usqae
684 1254 872 1338 perducere,
905 1253 975 1338 ipae
1007 1253 1137 1337 poetica
1165 1252 1210 1317 di·

170 1341 332 1428 ssciplina
363 1365 384 1406 a
415 1362 523 1406 rerum
556 1342 662 1407 medio
693 1342 814 1427 coepit,
846 1347 880 1407 et
908 1341 948 1406 ad
977 1341 1106 1406 initium
1134 1347 1211 1425 post

193 1453 340 1496 reuersas
377 1433 438 1495 est.
498 1451 577 1517 ergo
614 1430 722 1496 Vlixis
759 1453 900 1496 errorem
936 1452 1001 1496 non
1039 1430 1154 1514 incipit
1190 1432 1264 1496 ald

193 1519 333 1586 'l'roiano
356 1519 469 1585 littore
493 1519 689 1605 describere,
712 1518 769 1584 sed
791 1519 872 1585 iacit
895 1541 967 1584 eum
992 1517 1097 1603 primo
1120 1518 1209 1583 naui·

193 1612 322 1693 gentem
350 1607 390 1672 de
413 1609 522 1673 insula
545 1606 755 1692 Calypsonis,
780 1610 814 1672 et
837 1630 875 1672 er
899 1628 1039 1692 persona
1062 1628 1122 1671 sua
1139 1628 1210 1690 per·

193 1696 280 1762 ducit
310 1696 352 1760 ad
384 1695 558 1760 Phaeacas.
611 1697 678 1761 illic
709 1696 744 1760 in
776 1694 927 1761 conuiuio
960 1693 1088 1759 Alcinoi
1121 1693 1209 1777 regis

161 1808 182 1849 n
194 1787 306 1850 narrat
327 1783 406 1869 ipse,
429 1806 524 1869 quem
548 1784 589 1849 ad
608 1783 739 1849 modum
759 1782 799 1848 de
816 1783 915 1847 Troia
933 1781 974 1846 ad
993 1779 1209 1865 Calypsonem

193 1896 292 1959 aeque
319 1873 514 1957 peruenerit
560 1877 636 1956 post
658 1871 825 1937 Phaeacas
850 1892 963 1935 rursus
987 1869 1094 1935 Vlixis
1117 1870 1210 1935 naui·

235 1963 358 2029 tionem
382 1983 484 2048 usque
508 1961 548 2026 ad
573 1962 720 2026 Ithacam
744 1983 782 2025 ex
801 1982 942 2044 persona
960 1959 1094 2045 propria
1111 1962 1209 2043 poete

194 1984 355 2117 lleerimn
400 2073 495 2137 quem
520 2056 650 2115 secutur
673 2048 766 2115 Maro
786 2049 917 2113 Aenean
942 2050 982 2114 de
1001 2046 1113 2113 Sicilia
1135 2069 1207 2132 pro·
1222 2048 1261 2113 11

194 2140 295 2224 ducit,
331 2141 422 2205 cuius
458 2140 704 2224 nauigationem
740 2137 950 2203 describendo
990 2137 1137 2221 perducit
1169 2137 1208 2202 ad

162 2250 182 2291 n
196 2227 342 2314 Libyam.
380 2229 446 2293 illic
468 2228 502 2293 in
526 2227 677 2293 conuiuio
697 2225 834 2293 Didonis
858 2227 929 2312 ipse
952 2232 1064 2291 namot
1083 2225 1208 2291 Aeneas

195 2339 295 2405 usque
327 2318 367 2383 ad
395 2314 538 2384 Siciliam
571 2317 610 2383 de
639 2315 738 2383 Troia
767 2314 1025 2403 nauigationem,
1059 2318 1092 2380 et
1118 2314 1211 2382 addit

195 2431 258 2475 uno
281 2430 388 2493 uersu,
411 2407 497 2493 quod
521 2406 587 2473 iam
611 2407 742 2492 copiose
766 2409 863 2491 poeta
887 2405 1104 2491 descripserat

238 2533 316 2600 hine
337 2556 389 2600 me
412 2533 596 2621 digressum
620 2534 735 2599 uestris
759 2534 838 2599 deus
862 2532 990 2617 appulit
1012 2531 1087 2597 oris.

195 2662 271 2745 post
296 2658 444 2724 Africam
477 2680 605 2743 quoque
637 2679 748 2723 rursus
780 2659 878 2741 poeta
909 2679 949 2722 ex
981 2678 1120 2741 persona
1150 2678 1210 2722 sua
1221 2656 1263 2720 12

161 2747 259 2812 niter
282 2747 396 2813 classis
420 2769 523 2832 nsque
547 2746 587 2811 ad
611 2747 717 2830 ipsam
740 2743 912 2830 descripsit
934 2744 1064 2810 Italiam

238 2868 365 2935 interce
387 2869 529 2934 mediam
552 2867 680 2935 Aeneas
703 2869 769 2933 iam
793 2868 898 2932 elassa
921 2868 1053 2933 tenebat

237 2960 346 3023 certus
368 2957 439 3022 iter.

194 3079 270 3166 quid
298 3080 384 3167 quod
413 3083 446 3146 et
473 3103 568 3147 omne
596 3103 677 3165 opus
700 3079 928 3166 Vergilianum
956 3080 1046 3144 uelut
1068 3077 1108 3143 de
1131 3099 1209 3163 quo
1222 3081 1262 3144 13

193 3169 268 3236 dam
294 3168 463 3236 Homerici
495 3170 602 3255 operis
636 3169 768 3255 speculo
801 3169 977 3235 formatum
1009 3168 1082 3233 est?
1132 3189 1210 3232 nam

159 3262 227 3325 net
253 3262 434 3343 tempestas
460 3261 541 3324 mire
566 3259 749 3324 imitatione
772 3257 934 3343 descripta
956 3260 1006 3322 est
1031 3294 1067 3304 -
1094 3277 1209 3321 uersus

193 3346 362 3432 utriusque
394 3346 450 3432 qui
482 3348 572 3413 uolet
604 3347 751 3413 conferat
777 3382 821 3392 -
849 3352 886 3410 ut
908 3346 1022 3411 Venas
1054 3344 1087 3409 in
1120 3342 1208 3409 Nau·

193 3436 300 3501 sicaae
323 3435 431 3501 locam
451 3435 581 3501 Alcinoi
604 3436 693 3500 filiae
717 3433 883 3518 succeseit,
905 3434 978 3517 ipsa
996 3435 1104 3498 autem
1124 3430 1209 3497 Dido

193 3524 293 3589 relert
324 3525 463 3607 speciem
499 3525 587 3610 regis
621 3523 751 3588 Alcinoi
784 3523 970 3588 conuiuium
1004 3520 1210 3587 celebrantis.

192 3658 407 3670 -e———n-

266 3742 299 3788 le
318 3733 386 3790 Aen.
406 3734 445 3788 lll
464 3740 515 3789 ¹115
571 3739 603 3787 tl
624 3731 662 3788 ib.
682 3733 704 3785 V
727 3737 740 3786 1

194 3855 406 3864 ——a-——u--m

264 3930 486 3986 enarrationem
502 3929 646 3985 dentata:
666 3929 802 3986 rationem
817 3930 845 3984 P
893 3931 1000 4054 tappet
1013 3927 1041 3983 Ρ
1088 3924 1208 3996 flealrp·

193 4002 267 4059 ionii
282 4003 310 4059 P
395 4009 429 4058 10
448 4000 617 4072 eolrplonem
638 4000 666 4055 P
751 4005 783 4056 lt
803 3999 935 4071 sequutus
1057 4003 1090 4052 lt
1108 3996 1206 4052 labrem

192 4074 220 4130 1’
264 4152 276 4161 ·
303 4073 421 4129 Didonis
440 4074 504 4130 add.
526 4072 668 4142 dentata,
686 4089 737 4128 om.
758 4072 786 4126 P
871 4078 905 4127 aa
925 4070 1207 4126 nausiaeeerreeeee

192 4164 375 4274 opleillemor
396 4199 424 4255 1’
