3322 5190
384 784 450 848 416
758 781 834 840 sel.
850 783 947 839 blBRl
968 782 1019 838 llll

382 947 488 1012 ferens
516 950 556 1012 tu
584 947 696 1012 nobis
722 947 830 1031 iuquit
852 947 1048 1031 absoluas,
1077 968 1142 1011 cur
1165 951 1203 1011 et
1226 947 1269 1012 de
1293 947 1394 1013 albis

382 1040 421 1102 et
447 1033 491 1099 de
519 1035 645 1120 nigris
672 1035 768 1100 loris
797 1035 945 1100 similes
974 1034 1145 1099 maculae
1174 1036 1394 1120 gignantur.

329 1125 372 1189 14
471 1121 554 1188 Sunt
573 1127 760 1206 scommata,
780 1145 862 1207 quae
881 1125 916 1188 in
934 1123 1101 1207 superlicio
1116 1122 1240 1187 hebent
1253 1125 1395 1206 speciem

382 1211 612 1296 contumeliae,
648 1211 704 1276 sed
740 1211 903 1279 interdum
940 1233 1005 1276 non
1043 1215 1185 1293 tangunt
1219 1212 1396 1295 audientes,

382 1322 455 1365 cnm
479 1299 600 1383 eadem,
623 1300 651 1364 si
675 1300 815 1366 obnoxio
839 1301 997 1383 dicantur,
1020 1299 1198 1384 exagitant,
1221 1303 1395 1366 utcontra
1423 1327 1436 1368 s

382 1391 467 1469 sunt,
490 1408 573 1471 quae
591 1389 731 1470 speciem
750 1387 854 1452 laudis
873 1388 1003 1470 hebent,
1022 1391 1055 1451 et
1074 1407 1213 1470 persona
1231 1387 1394 1453 audientis

382 1474 483 1539 efficit
518 1475 732 1539 contumeliae
769 1475 873 1558 plena
931 1475 969 1539 de
1006 1496 1123 1558 genere
1160 1474 1266 1558 priore
1304 1477 1394 1557 prius

331 1560 498 1628 15dicam.
552 1562 587 1626 L.
619 1561 811 1642 †Quintus
848 1567 979 1646 praetor
1015 1562 1054 1626 de
1091 1561 1260 1645 prouincia
1292 1583 1395 1646 nuper

382 1652 562 1716 reuerteral
585 1651 767 1732 obseruata,
789 1651 874 1736 quod
899 1651 1025 1715 mireris
1043 1648 1223 1715 Domitiani
1243 1652 1395 1733 tempori·

382 1740 458 1824 bus,
484 1744 656 1824 praeturae
684 1738 825 1804 maxima
852 1740 1011 1804 castitate.
1058 1738 1086 1803 is
1114 1760 1186 1803 curu
1215 1759 1311 1823 aeger
1340 1740 1394 1804 ed·
1410 1768 1436 1808 re

384 1827 504 1892 sidenti
546 1828 650 1892 amico
692 1827 824 1911 diceret,
865 1827 1001 1911 frigidas
1041 1848 1075 1891 se
1113 1827 1232 1891 habere
1270 1849 1396 1913 manus,

384 1914 534 1980 renidens
557 1915 613 1980 ille
636 1915 684 1980 ait
706 1915 840 1999 atquin
865 1937 928 1980 eas
951 1915 994 1979 de
1018 1914 1221 1999 prouincia
1245 1915 1395 1981 calidas

385 2004 501 2088 paulo
530 2008 618 2068 ente
645 2003 851 2069 rouecesti.
896 2004 969 2069 risit
991 2001 1129 2079 Quintus
1156 2002 1395 2089 delectatusque

385 2097 436 2159 est
453 2093 571 2180 quippe
591 2093 807 2160 alienissimus
827 2115 847 2160 a
865 2095 1045 2180 suspicione
1066 2095 1234 2159 l'urterunr.
1272 2099 1394 2181 eontra,

383 2182 414 2250 si
454 2184 516 2249 hoc
557 2184 717 2250 diceretur
758 2188 842 2252 male
878 2186 940 2251 sibi
976 2185 1105 2250 conscio
1143 2189 1176 2250 ct
1212 2207 1271 2251 sua
1307 2188 1396 2253 l'urta
1411 2210 1438 2252 re

333 2280 374 2345 16
384 2274 548 2358 recolenti,
567 2274 792 2340 exacerbasset
806 2275 960 2341 auditum.
993 2273 1235 2341 Critobulnm
1252 2276 1397 2342 famosae

383 2363 634 2448 pulchritudinis
667 2365 906 2431 adulescentem
935 2362 1113 2430 Socrates
1145 2387 1217 2429 eum
1252 2364 1292 2429 ad
1320 2388 1395 2431 con-

383 2453 588 2535 parationem
603 2452 725 2517 formae
740 2457 941 2537 prouocaret,
955 2453 1132 2536 iocabatur,
1147 2474 1211 2517 non
1225 2453 1396 2518 inridebat.

384 2546 470 2606 certe
503 2541 531 2606 si
564 2541 652 2606 dicas
682 2546 978 2608 consummatarum
1007 2541 1194 2606 diuitiarum
1223 2542 1294 2606 uiro
1324 2543 1397 2607 tibi

384 2629 510 2695 excito
535 2630 749 2696 creditores
773 2635 873 2715 tuos,
896 2632 1002 2696 antei
1026 2629 1124 2695 ninus
1147 2633 1238 2695 casto
1258 2636 1396 2716 gratae
1411 2656 1438 2695 ee

384 2718 459 2784 tibi
488 2724 578 2785 eunt
604 2721 842 2808 meretrices,
871 2722 962 2805 quia
981 2721 1165 2785 eenlinna
1189 2742 1251 2785 cels
1277 2722 1396 2807 lurgi-

385 2812 465 2874 tate
504 2810 660 2892 ditasti,
701 2815 836 2895 uterque
874 2811 1118 2875 delectabuntur
1155 2811 1307 2894 scientes,
1344 2812 1395 2876 bis

333 2897 479 2968 lldictis
510 2922 601 2963 suam
630 2900 860 2965 conscientiam
889 2922 954 2963 non
983 2900 1121 2983 grauari.
1172 2901 1255 2964 sicut
1284 2904 1397 2965 contra

385 2991 475 3070 sunt,
507 3008 589 3070 quae
617 2987 677 3050 sub
706 2990 810 3071 specie
840 2988 943 3051 laudis
972 2989 1152 3071 exagitent,
1187 2989 1272 3051 sieut
1299 2990 1395 3070 paulo

385 3082 461 3138 ante
489 3073 592 3137 diuisi.
639 3096 712 3138 narn
743 3077 770 3138 si
800 3076 1006 3139 timidissime
1031 3076 1140 3138 dixere
1165 3075 1311 3138 Achilli
1337 3078 1437 3140 uelaa

385 3160 543 3225 Herculi
572 3164 840 3244 conparandas
871 3185 924 3246 es,
951 3167 1007 3227 aut
1039 3163 1181 3227 famosae
1210 3162 1395 3246 iniqnitatis

385 3250 456 3313 niro
481 3271 549 3333 ego
569 3255 606 3314 te
625 3250 794 3314 Aristidi
815 3253 852 3315 in
872 3252 1072 3336 aequitate
1092 3272 1301 3333 praepono,
1326 3252 1395 3315 siue

386 3337 484 3401 dubio
510 3340 610 3402 uerba
634 3339 760 3402 laudem
785 3341 936 3403 sonantia
955 3340 995 3403 ed
1015 3342 1125 3402 notum
1147 3339 1394 3423 uituperalienis

334 3433 461 3495 ltlsuae
485 3431 620 3510 uterque
644 3431 804 3491 tracturus
829 3434 885 3492 est.
929 3428 1039 3491 eadem
1064 3435 1243 3491 scommata
1266 3428 1395 3492 eosdem

386 3514 482 3578 modo
514 3515 625 3579 iuuare
658 3516 754 3579 mede
784 3517 927 3580 mordere
955 3520 1092 3599 possunt
1120 3539 1177 3599 pre
1206 3517 1395 3581 diuersitate
1409 3544 1436 3583 ee

384 3604 603 3688 praesentium
632 3626 851 3688 personarum.
898 3610 974 3669 sunt
1002 3605 1100 3688 enim,
1129 3627 1209 3688 (puae
1234 3607 1261 3668 si
1286 3627 1395 3670 eoram

385 3693 497 3757 amicis
535 3694 716 3758 obiciantur
753 3694 861 3778 uobis,
902 3694 1041 3759 libenter
1079 3694 1188 3759 audire
1224 3696 1395 3781 possimne,

385 3805 485 3848 uxore
509 3805 586 3848 uero
611 3806 666 3848 seu
690 3785 879 3868 parentibus
904 3785 955 3848 uel
980 3785 1146 3869 euergistris
1170 3786 1394 3870 praesentibus

385 3871 446 3937 dici
475 3872 509 3935 in
537 3895 596 3938 nes
626 3875 754 3958 aliquod
783 3897 926 3939 scomma
952 3874 1106 3958 uelimus,
1134 3875 1195 3939 nisi
1222 3877 1305 3940 ferte
1330 3877 1394 3939 lale

456 4090 472 4136 6
490 4084 606 4152 persona
631 4086 746 4140 laenius:
769 4085 855 4154 plena
876 4084 904 4136 P
993 4091 1007 4138 7
1022 4085 1111 4207 plena
1128 4085 1242 4139 luea'us:
1267 4084 1351 4153 plena
1370 4085 1397 4138 P

383 4154 548 4208 8Luc1alP
596 4156 880 4211 l'ledelescentemP
929 4160 1019 4209 anrr
1042 4156 1146 4210 ebatP
1190 4156 1363 4209 erueremus
1371 4157 1398 4209 P
