3322 5190
746 806 847 863 1111s1
867 807 893 863 V
909 814 978 864 l-'l
1308 810 1370 875 151

362 971 535 1055 temperato
571 972 683 1035 tamen
719 969 805 1036 inter
839 969 1076 1058 indulgentiam
1109 971 1373 1058 grauitatemque

363 1080 518 1145 sermone,
550 1058 771 1126 moderaretur
803 1061 955 1146 profusos
987 1061 1092 1127 cultus
1119 1061 1372 1148 perspicuasque

363 1148 537 1214 comitatus.
573 1148 660 1214 idem
684 1171 758 1215 cum
782 1150 822 1215 ad
845 1153 1004 1235 nepotum
1028 1151 1159 1215 turbam
1183 1150 1371 1217 similitudi·

364 1257 493 1322 nemque
528 1241 728 1322 respexerat,
770 1261 835 1323 qua
871 1239 1177 1324 repraesentabatur
1214 1238 1374 1326 Agrippa,

336 1324 504 1391 adubitsre
527 1325 566 1391 de
589 1326 747 1410 pudicitia
767 1327 855 1393 filiae
874 1329 1096 1394 erubescebat.
1132 1328 1207 1393 inde
1226 1329 1403 1397 blandis-4

362 1414 451 1480 batur
474 1414 538 1480 sibi
556 1415 725 1503 Augustus
748 1418 870 1483 laetum
894 1418 929 1482 in
954 1417 1020 1482 lilia
1044 1417 1188 1483 animum
1208 1419 1371 1504 usquead

361 1504 495 1589 speciem
515 1506 724 1593 procacitatis
744 1506 800 1571 sed
818 1511 909 1574 reatu
929 1507 1077 1590 liberum,
1100 1511 1133 1573 et
1151 1506 1251 1573 talem
1270 1507 1372 1574 fuisse

362 1593 441 1678 apud
464 1596 604 1660 maiores
624 1594 792 1662 Claudiam
816 1597 945 1663 eredere
970 1597 1121 1662 audebat
1157 1597 1267 1683 itaque
1280 1597 1372 1663 inter

362 1683 478 1749 amicos
515 1683 597 1748 dixit
632 1683 724 1750 duas
760 1685 902 1751 habere
940 1708 978 1751 se
1015 1685 1127 1751 filias
1165 1685 1371 1770 delicatas,

306 1793 340 1834 io
360 1794 450 1922 pnes
478 1794 635 1839 necesse
664 1773 827 1840 haberet
854 1773 969 1856 serre,
1002 1797 1080 1839 rem
1108 1773 1305 1859 publicam
1334 1778 1371 1841 et

382 1861 504 1926 uliam.

442 1946 586 2013 Venerat
613 1948 654 2014 ed
681 1971 754 2013 euin
778 1948 946 2015 licentiore
975 1952 1097 2015 uestitu
1126 1952 1160 2014 et
1185 1949 1297 2015 oculos
1321 1949 1402 2018 ‹if-5

358 2032 500 2100 renuerat
530 2037 633 2120 patris
661 2036 808 2100 tacentis.
854 2039 996 2102 mutauit
1023 2038 1130 2102 cultus
1159 2039 1209 2101 sui
1237 2041 1370 2121 postera

355 2121 405 2185 «lie
427 2144 560 2208 morem,
582 2126 615 2187 et
632 2124 754 2188 laetum
773 2126 899 2207 patrem
919 2124 1070 2188 affectata
1088 2125 1263 2189 seueritate
1283 2146 1370 2189 com·

283 2225 325 2266 ιε
360 2209 449 2292 plexa
471 2215 532 2276 cst.
577 2210 703 2288 atille,
728 2213 784 2295 qui
806 2210 910 2294 pridie
933 2212 1077 2276 dolorem
1101 2234 1195 2276 suum
1219 2212 1370 2277 continu·

357 2302 432 2383 erat,
456 2298 610 2385 gaudium
633 2300 799 2365 continere
822 2321 889 2364 non
913 2300 1021 2384 potuit
1040 2304 1073 2365 et
1096 2301 1281 2386 quantum
1305 2299 1370 2365 hio

359 2387 402 2452 ait
437 2387 475 2452 iii
511 2388 597 2453 siliil
629 2386 797 2476 Augusti
834 2389 1085 2476 probabilior
1121 2392 1180 2454 est
1212 2390 1369 2456 cultus?

361 2499 420 2545 noir
438 2477 541 2544 deluit
558 2480 739 2565 patrocinio
758 2502 817 2545 suo
836 2478 920 2546 lulia
938 2480 989 2547 liis
1004 2481 1112 2547 uerbis
1132 2478 1246 2546 liodie
1266 2479 1367 2546 enini

364 2590 410 2636 nie
432 2570 560 2655 patris
584 2570 707 2636 oculie
730 2571 886 2656 ornaui,
911 2571 995 2638 lieri
1019 2573 1108 2638 uiri.

281 2674 334 2718 ιο
444 2659 567 2725 Notum
600 2663 634 2725 ct
663 2660 753 2726 illud.
806 2665 992 2728 auerterant
1024 2661 1059 2727 in
1089 2684 1124 2728 ee
1151 2661 1308 2748 populum
1339 2660 1403 2731 inti

366 2751 541 2832 spectaculo
570 2749 788 2836 gladiatorum
816 2751 910 2815 Liuia
938 2756 972 2817 et
994 2751 1078 2817 Iulia
1106 2752 1281 2818 comitatus
1310 2749 1373 2816 dis-

366 2837 575 2924 similitudine,
594 2839 712 2924 quippe
731 2839 940 2923 cingentibus
958 2839 1087 2904 Liuiam
1106 2840 1263 2925 grauibus
1282 2839 1373 2919 uiris,

366 2923 435 2993 haec
465 2928 645 2993 iuuentutis
678 2932 711 2991 et
740 2927 869 3013 quidem
896 2928 1083 2994 luxuriosae
1111 2949 1210 3014 grege
1237 2929 1372 2993 circum·

367 3016 537 3083 sedebatur.
588 3015 757 3081 admonuit
783 3019 878 3101 pater
906 3017 1029 3102 scripto
1058 3016 1232 3104 uideret„
1253 3037 1373 3101 quan-

304 3105 434 3170 :stum
466 3106 570 3171 inter
603 3106 697 3171 duas
727 3106 928 3190 principes
957 3106 1125 3170 feminus
1153 3105 1373 3172 interesset

367 3192 522 3280 eleganter
550 3194 608 3260 illa
630 3195 798 3279 rescripsit
826 3199 865 3260 et
890 3195 930 3259 hi
958 3216 1102 3259 mecum
1127 3215 1240 3260 senes
1263 3193 1373 3259 fient.

442 3283 568 3348 Eadem
592 3281 676 3348 Iulia
700 3286 827 3347 mature
846 3283 967 3347 habere
988 3287 1266 3368 cooperatorum,
1290 3291 1403 3368 quos'l

367 3367 461 3455 legere
485 3373 607 3435 secrete
630 3370 764 3436 solebat
808 3371 935 3436 subitus
959 3371 1163 3437 interuentus
1187 3371 1290 3456 patris
1313 3370 1372 3435 ali·

367 3457 484 3541 qnando
516 3459 680 3544 oppressit
712 3460 900 3525 ornatrices.
951 3459 1172 3524 dissimulauit
1203 3459 1373 3543 Augustus

335 3545 565 3632 indeprehensis
595 3568 692 3631 super
719 3552 841 3613 uestem
871 3570 981 3613 earum
1010 3548 1113 3632 canis,
1146 3551 1179 3613 et
1204 3548 1279 3612 aliis
1306 3568 1373 3612 ser·

367 3635 508 3701 monibus
532 3639 677 3720 ternpore
700 3638 846 3702 extracto
870 3636 999 3702 induxit
1023 3637 1141 3701 aetatis
1165 3636 1372 3720 mentionem,

366 3720 636 3808 interrogauitque
660 3724 770 3808 liliam,
792 3727 902 3789 utrum
926 3727 1003 3808 post
1021 3725 1145 3809 aliquot
1166 3746 1269 3789 annos
1288 3746 1370 3789 cana

427 3902 443 3951 2
462 3893 616 3951 medentur
631 3896 660 3950 B
709 3895 801 3951 cultos
811 3892 851 3951 B'
906 3903 922 3950 6
942 3896 976 3951 de
990 3896 1129 3965 pudicitia
1143 3898 1183 3951 B:
1202 3896 1370 3966 pudicitiam

365 3961 387 4016 P
444 3964 508 4021 ste
526 3966 630 4022 habere
649 3966 678 4021 P
738 3972 769 4021 11
790 3966 861 4022 iulia
879 3970 1014 4022 uenerata
1033 3968 1116 4022 deum
1136 3968 1164 4020 B
1237 3972 1269 4020 14
1288 3968 1370 4023 effec-

363 4033 471 4090 uun·
520 4041 552 4090 in
572 4030 713 4091 dticnmat
732 4038 760 4091 P
804 4043 837 4093 19
856 4038 923 4093 heio
944 4038 971 4091 P
1015 4043 1049 4093 26
1068 4037 1254 4108 eleganter&
1273 4037 1370 4093 illaB

363 4110 391 4162 tt
442 4109 524 4178 perat
542 4108 574 4175 P,
595 4110 708 4178 ceperat
727 4109 755 4163 B
805 4109 1208 4180 asauguitiiriaraa.ia1’
1259 4114 1293 4164 ³0
1313 4109 1373 4164 einl

363 4192 420 4234 cani
449 4179 478 4234 P
529 4185 561 4233 si
582 4181 680 4234 exacto
699 4179 728 4234 P
