3322 5190
648 849 728 905 xuu
747 854 851 907 14-16
879 849 931 905 xv
950 856 1019 907 1-s
1268 850 1333 917 311

321 1011 473 1079 deuiauit
513 1010 762 1097 primumquod
787 1011 949 1079 Homerus
995 1012 1212 1078 raetermissis
1231 1011 1364 1079 Atha-2

321 1101 372 1167 nia
408 1122 448 1167 ac
478 1099 717 1166 Lacedaemone
754 1102 807 1166 nel
839 1102 919 1186 ipsis
986 1101 1109 1186 ycenis,
1145 1100 1230 1167 unde
1262 1105 1334 1167 erat

321 1192 428 1255 rector
468 1188 642 1272 exercitus,
682 1188 853 1255 Boeotiam
890 1190 925 1255 in
962 1190 1103 1276 catalogi
1140 1190 1190 1254 sni
1227 1190 1333 1274 capita

321 1277 456 1360 locauit,
483 1298 548 1342 non
577 1276 619 1342 ob
643 1276 707 1343 loci
732 1276 871 1362 aliquam
897 1278 1102 1363 dignitatem,
1125 1277 1180 1342 aed
1203 1277 1333 1343 notissi-

295 1387 410 1433 arnnm
437 1366 698 1451 promuntorium
726 1365 766 1430 ad
794 1365 960 1432 exordium
989 1366 1049 1431 sibi
1079 1365 1332 1432 enumerationis

319 1454 433 1541 elegit,
470 1453 553 1520 unde
589 1454 800 1542 progrediens
838 1454 934 1521 modo
969 1455 1203 1520 mediterranea
1235 1455 1362 1522 mod03

319 1544 484 1610 maritima
512 1543 624 1610 iuncta
651 1543 821 1628 describit,
852 1544 927 1610 inde
954 1566 1067 1610 rursus
1095 1545 1135 1609 ad
1159 1547 1332 1630 utrumque
1368 1596 1371 1601 >

318 1634 418 1700 situm
456 1632 698 1699 cohaerentium
735 1633 879 1699 locorum
915 1633 1086 1719 disciplina
1120 1633 1331 1700 describentis

318 1722 410 1788 uelut
431 1722 495 1787 iter
512 1722 643 1809 agentia
662 1721 794 1804 accedit,
817 1744 876 1789 nec
895 1723 963 1787 nllo
983 1723 1069 1789 saltu
1088 1722 1331 1789 cohaerentiam

284 1839 307 1879 rc
318 1812 486 1900 regionum
511 1813 544 1877 in
568 1811 653 1878 libro
677 1835 736 1878 suo
758 1812 850 1877 hiare
869 1811 1042 1897 permittit,
1065 1812 1121 1878 aad
1141 1812 1204 1878 hoo
1222 1812 1332 1879 niandi

319 1923 408 1969 more
431 1902 608 1987 procedens
630 1902 715 1967 redit
732 1900 816 1967 uude
835 1900 1000 1988 digressus
1021 1912 1079 1985 est,
1103 1904 1137 1966 et
1154 1902 1202 1967 ita
1219 1902 1332 1967 finitur

317 1991 469 2077 quicquid
488 1992 690 2056 enumeratio
710 1994 776 2055 eius
796 1991 1016 2075 amplectitur:
1035 1994 1151 2055 contra
1165 1988 1363 2076 Vergilius4

317 2081 443 2145 nullum
466 2079 501 2144 in
524 2079 815 2146 commemorandis
838 2078 1027 2164 regionibus
1049 2079 1194 2144 ordinem
1213 2082 1332 2164 seruat,

317 2168 373 2233 aad
397 2168 541 2234 locorum
564 2169 680 2233 seriem
705 2167 841 2231 saltibus
865 2168 996 2232 lacerat.
1038 2166 1172 2233 adducit
1190 2167 1331 2253 primum

282 2281 305 2321 rs
318 2254 430 2322 Clusio
454 2260 488 2320 et
511 2254 604 2323 Ousia
624 2255 807 2321 Massicum.
849 2254 939 2321 Abas
962 2254 1049 2320 huuc
1068 2256 1214 2341 sequitur
1232 2278 1332 2323 manu

317 2344 519 2431 Populoniae
536 2344 689 2429 lluaeque
708 2344 890 2410 comitatus.
928 2347 1003 2428 post
1022 2345 1082 2410 hos
1102 2344 1219 2412 Asilan
1238 2345 1332 2410 mise·

317 2437 395 2500 runt
425 2433 534 2521 Pisae,
565 2455 647 2519 quae
678 2433 712 2499 in
745 2456 841 2518 quarn
873 2433 1051 2519 longinqua
1083 2434 1149 2498 sint
1181 2433 1332 2500 Etruriae

317 2522 1061 2698 latuit⁰t⁰ltgtz²¹ttlltttftt':
1074 2521 1333 2698 illisu:

1323 2665 1331 2696 l

281 2704 437 2789 aquibus
460 2701 572 2768 ducem
597 2701 750 2768 Asturam
774 2701 869 2766 dedit
915 2663 993 2768 hida
1016 2703 1105 2787 rapit
1127 2702 1221 2767 illum
1245 2701 1332 2767 (lini-

317 2814 374 2857 rus
400 2792 439 2858 ad
463 2791 643 2880 Liguriam,
671 2792 779 2856 Ocnus
802 2789 979 2855 Mantuam.
1025 2792 1080 2855 sed
1104 2793 1219 2857 necin
1243 2788 1363 2856 cata-5

318 2880 396 2966 logo
418 2879 611 2944 auxiliorum
635 2879 749 2960 Turni,
775 2879 802 2943 si
828 2879 908 2943 uelis
931 2878 1030 2942 situm
1055 2879 1199 2944 locorum
1224 2882 1331 2943 mente

318 2988 511 3052 percurrere,
530 2967 675 3031 inuenies
694 2966 786 3030 illum
808 2966 1043 3031 continentiam
1059 2968 1228 3050 regionum
1244 2988 1330 3031 secu-

317 3060 397 3121 tum.
443 3054 557 3120 deinde
581 3054 743 3121 Homerus
767 3076 892 3137 omnes,
915 3076 995 3138 quos
1020 3055 1051 3118 in
1078 3055 1229 3141 catalogo
1254 3054 1362 3121 anu-(i

280 3164 304 3205 ss
317 3146 431 3227 marat,
452 3143 548 3208 otiam
570 3145 754 3229 pugnantes
773 3143 825 3207 uel
845 3164 1002 3227 prospera
1020 3143 1069 3207 uel
1092 3144 1224 3209 sinistra
1243 3147 1331 3208 sorte

316 3235 563 3312 commemorat,
588 3236 634 3314 ct,
658 3255 731 3297 curu
755 3233 826 3296 uult
849 3231 953 3297 dicere
978 3233 1114 3314 occisos,
1138 3254 1219 3318 quos
1244 3237 1331 3298 cata-

316 3322 393 3406 logo
412 3343 477 3386 non
496 3320 643 3401 inseruit,
661 3341 727 3384 non
746 3320 887 3384 hominis
907 3320 963 3385 sed
981 3321 1198 3386 multitudinis
1212 3343 1332 3387 nomen

317 3409 453 3488 inducit,
486 3412 520 3473 et
550 3410 699 3493 quotiens
732 3409 868 3472 multam
900 3430 1011 3473 rreoem
1040 3410 1223 3495 significare
1252 3408 1333 3493 uult,

318 3520 455 3564 messem
478 3497 648 3563 bominum
672 3498 792 3561 factam
816 3518 886 3561 esse
910 3497 999 3579 dicit,
1024 3498 1105 3562 nulli
1129 3503 1253 3564 certum
1277 3520 1332 3564 no·

280 3605 390 3653 nmen
423 3586 519 3652 facile
552 3590 644 3651 extra
676 3586 861 3670 catalogum
891 3587 943 3651 uel
972 3585 1093 3652 addens
1122 3587 1156 3652 in
1184 3589 1252 3654 acie
1279 3586 1332 3652 uel

390 3778 402 3825 l
423 3771 454 3827 ll.
475 3773 495 3825 Β
515 3775 567 3825 464
624 3776 656 3824 12
676 3768 744 3823 Aen.
763 3770 787 3823 X
809 3776 859 3824 rao

316 3876 375 3885 ..ο-.
385 3874 478 3883 ..ῥι-

389 3941 567 3998 ldeuroamt
583 3940 611 3996 P
676 3938 831 3994 2mrcen1s
845 3939 873 3994 P
933 3939 1059 3995 abolus
1077 3940 1111 4009 P,
1130 3940 1164 4005 cf.
1183 3940 1265 4011 adp.
1284 3944 1332 4009 62,

318 4019 353 4072 12
408 4012 623 4091 tpmunctorri*
639 4014 645 4082 Ι
661 4012 688 4066 Ρ
726 4009 916 4137 ῃιᾶῡοιὲἷέἔιοῐι
938 4010 966 4064 P
1020 4017 1052 4066 19
1071 4029 1134 4085 cere
1153 4011 1177 4066 da
1196 4011 1291 4082 pirgos
1307 4012 1335 4068 P

317 4156 457 4213 oraurloal
473 4156 502 4210 P
566 4159 599 4209 21
621 4154 657 4208 ad
675 4154 878 4223 ligu·mantua
897 4152 944 4221 (ud
962 4153 983 4206 lr
1003 4155 1034 4209 in
1052 4156 1118 4223 raa.)
1140 4152 1168 4207 P
1238 4159 1272 4208 aa
1292 4154 1331 4211 ie·

317 4228 404 4297 quntir
423 4226 452 4281 P
503 4229 537 4279 tl
556 4224 685 4279 numerat
705 4223 733 4277 P
