3322 5190
738 928 765 985 X
779 936 869 988 8-15
1244 930 1310 996 619

295 1092 337 1160 ob
371 1093 433 1158 hoo
460 1089 663 1245 Aethiogas
670 1113 765 1179 reges
792 1093 961 1196 epularum
997 1091 1185 1160 caelestium
1218 1090 1309 1177 dixit,

295 1181 446 1266 quoniam
469 1202 556 1247 orrea
608 1181 699 1246 eeani
723 1202 813 1246 oram
838 1203 904 1247 non
926 1180 992 1246 nisi
1002 1178 1194 1285 Aethiopes
1218 1179 1309 1246 habi·

294 1272 375 1354 tant,
398 1289 479 1353 quos
502 1267 623 1334 uicinia
642 1269 721 1334 solis
741 1290 843 1354 nsque
863 1269 903 1334 ad
923 1268 1065 1354 speeiem
1082 1268 1169 1354 nigri
1188 1268 1308 1335 eoloris

294 1357 405 1422 exurit
442 1378 515 1422 oum
533 1376 612 1442 ergo
632 1357 722 1423 ealor
740 1358 903 1423 nutriatur
922 1357 1067 1436 humore,
1085 1356 1216 1421 haee
1183 1354 1309 1422 moissi·
1321 1357 1363 1423 12

267 1444 372 1511 raudo
396 1445 566 1531 contingit,
589 1448 626 1509 ut
649 1444 746 1511 modo
773 1446 862 1511 oalor
885 1444 981 1511 modo
1004 1446 1122 1510 humor
1145 1444 1308 1509 exuberet

294 1533 403 1600 euenit
428 1534 514 1599 enim
547 1536 585 1600 nt
616 1533 702 1620 ignis
734 1556 836 1620 usque
867 1533 909 1599 ad
941 1535 1119 1600 maximum
1147 1534 1309 1599 enutritus
1393 1564 1396 1570 ·

294 1626 502 1707 augmentum
535 1621 690 1689 haustum
721 1624 834 1689 uineat
865 1622 1050 1704 humorem,
1082 1644 1121 1689 ae
1148 1621 1196 1688 aio
1224 1622 1308 1688 aeris

293 1716 420 1777 motata
441 1712 616 1797 temperies
639 1711 805 1777 licentiam
823 1715 969 1798 praestet
991 1710 1141 1778 incendio
1163 1713 1198 1776 et
1220 1715 1309 1776 terra

293 1801 422 1885 penitus
436 1800 610 1887 flagrantia
629 1801 757 1868 inmissi
771 1801 858 1888 ignis
877 1804 999 1885 uratur,
1018 1799 1074 1866 aed
1093 1822 1169 1866 mox
1184 1800 1309 1885 impetu

254 1910 280 1950 ro
294 1890 410 1956 catoris
438 1889 613 1975 absumpto
640 1890 799 1975 paulatim
827 1890 913 1957 uires
942 1893 1149 1956 reuertuntur
1172 1889 1310 1973 humori,

294 2001 367 2044 eum
395 2000 516 2065 magna
542 2001 619 2065 pars
648 1979 735 2066 ignis
759 1979 917 2046 incendiis
944 1982 1081 2063 erogata
1102 1979 1209 2044 minna
1242 1978 1309 2044 iam

294 2068 333 2133 de
366 2071 556 2134 renascente
592 2069 727 2136 humore
755 2072 933 2135 consumat
988 2089 1026 2134 ae
1064 2088 1176 2133 rursus
1209 2067 1309 2152 longo
1324 2067 1363 2132 13

294 2162 475 2243 temporum
499 2160 605 2224 tractu
629 2159 676 2225 ita
698 2180 844 2224 ereseens
867 2158 985 2223 humor
1008 2157 1105 2222 altius
1128 2156 1245 2241 uincit,
1273 2158 1311 2221 ut

294 2247 392 2311 terris
428 2244 619 2312 infundatur
651 2248 774 2330 eluuio,
809 2267 984 2331 rursusque
1016 2246 1104 2310 oalor
1133 2246 1211 2329 post
1247 2243 1309 2310 hoe

256 2355 282 2396 ιι
295 2334 382 2399 uires
405 2335 551 2415 resumit,
574 2338 607 2401 et
629 2336 677 2402 ita
699 2335 746 2416 fit,
769 2338 806 2400 ut
829 2337 979 2400 manente
1002 2332 1124 2399 mundo
1147 2332 1233 2398 inter
1256 2354 1308 2398 ex·

295 2423 463 2490 uberantis
497 2424 615 2490 caloris
646 2424 856 2509 humorisque
890 2424 978 2490 niees
1009 2425 1169 2488 tamarum
1202 2422 1308 2488 cultus

295 2535 369 2580 oum
399 2512 568 2579 hominum
605 2534 723 2598 genere
760 2534 856 2599 saepe
892 2510 1068 2578 intercidat
1104 2514 1138 2576 et
1175 2509 1309 2577 reducta

294 2602 451 2688 temperie
469 2624 580 2669 rursus
599 2606 745 2669 nonetnr.
789 2624 966 2687 numquam
985 2606 1095 2667 tamen
1120 2621 1175 2666 seu
1198 2599 1308 2667 eluaio
1321 2599 1363 2666 14

295 2713 352 2757 sen
375 2691 502 2757 exustio
529 2713 641 2757 omnes
668 2697 771 2757 terras
799 2695 857 2756 aut
883 2713 978 2757 omne
1005 2689 1176 2756 hominnm
1205 2710 1308 2774 genus

254 2800 282 2842 ro
295 2781 347 2845 uel
371 2780 502 2846 omnino
526 2781 632 2863 operit
650 2780 702 2846 uei
724 2780 855 2866 penitus
879 2780 995 2844 exurit.
1036 2779 1188 2864 Aegypto
1212 2779 1310 2863 eerte,

295 2871 332 2931 ut
344 2867 466 2932 Plato
457 2890 491 2932 in
505 2867 638 2934 Timaeo
651 2867 783 2951 fatetur,
800 2889 974 2952 numquam
989 2866 1141 2931 nimietas
1160 2827 1310 2931 humoris,

293 2956 406 3021 noeoit
427 2955 481 3020 uel
504 2956 633 3039 caloris,
660 2955 746 3021 unde
769 2959 803 3021 et
825 2955 955 3020 infinita
976 2975 1134 3020 annorum
1158 2953 1282 3018 milia
1272 2975 1307 3018 rn

295 3043 374 3108 sotis
401 3042 641 3129 Aegyptiorum
673 3044 891 3110 monumentis
919 3043 1087 3145 librisque
1107 3042 1306 3127 releguntur

294 3135 401 3196 certae
429 3132 530 3219 igitur
557 3135 716 3198 terrarum
740 3135 849 3219 partes
877 3131 1089 3198 interneeloni
1113 3130 1306 3216 superstites
1318 3131 1360 3199 15

255 3239 281 3282 ss
295 3221 503 3287 seminarium
532 3221 741 3289 instaurando
770 3221 881 3307 generi
912 3221 1052 3287 humano
1084 3221 1181 3303 finnt,
1208 3222 1307 3305 atque

295 3310 341 3376 ita
369 3311 545 3416 contingit,
572 3314 610 3377 ut
631 3334 696 3378 non
724 3311 797 3378 rudi
824 3310 943 3377 mundo
972 3309 1066 3377 rudes
1099 3269 1246 3375 homines
1275 3311 1310 3375 et

294 3400 426 3466 cuitus
416 3402 521 3486 inscii,
540 3402 631 3467 euius
646 3403 837 3468 memoriam
851 3399 1024 3485 intercepit
1038 3399 1198 3485 interitus,
1213 3398 1307 3465 terris

295 3491 446 3555 oberrent
473 3493 507 3556 et
529 3491 738 3576 asperitatem
769 3491 927 3575 paulatim
956 3509 1059 3574 uagae
1086 3488 1228 3554 feritatis
1257 3510 1310 3554 ex·

311 3610 506 3619 ...a—a·—

365 3698 399 3747 at
419 3710 446 3761 p.
466 3691 543 3746 ΒΗ)

294 3803 332 3810 -.—
345 3803 508 3812 ...-·—-·

366 3876 536 3933 anorumo
594 3877 739 3931 texuerit
756 3874 784 3929 Β
839 3874 996 3942 toontrgrt
1013 3874 1042 3929 P
1093 3874 1184 3928 enm
1160 3888 1263 3928 merle
1281 3873 1309 3927 B

295 3947 490 4002 trmmiffrB
554 3953 588 4002 10
606 3946 792 4032 uiinmptoB
856 3949 886 3998 11
907 3943 975 4014 ras
989 3943 1026 3998 Ρ
1090 3948 1172 3998 120
1189 3944 1314 4000 nmstP

298 4021 329 4069 18
348 4019 418 4086 itaq,
437 4018 466 4072 Β
519 4017 633 4072 ereneus
649 4015 686 4070 P'
745 4020 778 4070 15
796 4032 849 4069 exn
871 3962 977 4069 arantis
991 4015 1045 4069 PB
1099 4019 1133 4068 lt
1151 4013 1255 4069 eoloris
1269 4011 1308 4069 P'

295 4092 330 4140 20
321 4088 464 4209 BAEgrpto
485 4088 522 4156 P,
512 4088 667 4211 ,Aepplto
691 4089 772 4156 (σοιν
791 4103 824 4141 eu
866 4086 984 4157 eprptto)
1003 4086 1031 4140 B
1086 4090 1119 4138 ²³
1139 4086 1311 4156 egiptiorum

402 4160 577 4212 monumenti
697 4161 732 4210 24
752 4157 827 4211 certe
843 4155 872 4209 P
923 4156 1098 4210 mtemrtronr
1113 4154 1142 4208 Β
1196 4159 1230 4208 26
1246 4170 1310 4210 eon·

294 4157 363 4354 {git
373 4227 409 4353 ἔ
478 4233 511 4282 2⁷
531 4228 622 4282 aurius
636 4234 668 4283 ut
687 4228 746 4283 uid.
764 4224 801 4282 P'
875 4226 958 4281 terni
972 4243 1023 4282 om.
1044 4221 1083 4279 P
1154 4229 1189 4279 28
1209 4223 1310 4295 aspen·

340 4315 354 4352 a
