3322 5190
753 851 791 909 Vl
812 858 916 908 12-23
1001 888 1005 896 ·
1161 873 1163 876 ·
1280 855 1347 921 499

332 1038 483 1082 mensem.
519 1015 600 1081 hacc
623 1014 662 1080 de
685 1014 791 1100 prima
809 1014 983 1099 septenarii
1007 1015 1216 1099 copulatione
1239 1016 1345 1084 libata
1356 1019 1396 1087 18

330 1105 406 1170 sint.
443 1105 583 1170 secunda
601 1103 640 1169 dc
659 1103 785 1170 duobus
809 1106 842 1169 ct
860 1105 1001 1190 quinque
1025 1108 1082 1169 est.
1121 1126 1160 1169 ex
1183 1105 1236 1170 his
1255 1105 1346 1192 dyas,

330 1194 406 1278 quia
438 1196 513 1279 post
540 1192 681 1260 monada
708 1193 814 1277 prima
847 1196 910 1276 est,
943 1193 1067 1276 primus
1101 1197 1151 1258 est
1182 1216 1344 1261 numerus.

330 1282 407 1348 haec
440 1283 481 1346 ab
507 1281 566 1346 illa
598 1279 838 1366 omnipotentia
871 1282 1018 1346 solitaria
1050 1282 1085 1345 in
1118 1283 1262 1367 corporis
1295 1283 1345 1348 in-

301 1370 517 1456 stellcgibilis
547 1370 663 1434 lineam
697 1371 803 1454 prima
830 1369 978 1455 defluxit,
1006 1369 1078 1435 ideo
1106 1373 1140 1435 et
1171 1371 1212 1435 ad
1240 1393 1343 1457 uagas

329 1459 497 1525 stellarum
533 1461 566 1523 et
597 1459 756 1524 laurinum
790 1459 944 1543 sphaeras
977 1460 1131 1542 refertur,
1169 1459 1245 1545 quia
1281 1460 1343 1526 hae

327 1570 453 1633 quoquc
484 1548 524 1612 ab
558 1549 627 1631 illa,
662 1571 743 1632 quae
772 1545 918 1631 ἀπλανής
946 1548 1076 1632 dicitur,
1111 1550 1144 1612 in
1172 1569 1342 1614 numerum
1395 1549 1397 1554 ’

327 1637 445 1702 scissae
471 1641 504 1701 et
525 1637 559 1702 in
578 1636 661 1701 uarii
681 1640 790 1702 motus
810 1637 1076 1702 contrarietatem
1095 1640 1236 1702 retortae
1256 1642 1342 1704 sunt.

326 1724 381 1791 hic
413 1748 490 1811 ergo
522 1747 677 1790 numerus
705 1748 778 1791 cum
806 1725 954 1810 quinario
984 1726 1151 1809 aptissime
1185 1724 1343 1812 iungitur,

289 1835 314 1874 ro
328 1836 400 1880 eum
423 1813 476 1879 hio
499 1814 539 1878 ad
563 1819 722 1897 errantes,
746 1819 783 1879 ut
805 1814 960 1899 diximus,
988 1814 1029 1878 ad
1057 1814 1139 1881 caeli
1162 1836 1260 1880 zonas
1284 1815 1340 1881 illo

327 1903 494 1989 referatur,
516 1904 573 1968 sed
596 1904 652 1969 ille
675 1904 800 1969 rationo
824 1903 1003 1987 scissionis,
1026 1903 1079 1969 hic
1102 1925 1245 1968 numero.
1281 1904 1340 1970 illa
1353 1909 1393 1972 19

327 2014 405 2057 uero
438 1993 585 2077 quinario
619 2014 755 2057 numero
791 1992 973 2076 proprietas
1011 1996 1146 2076 excepta
1177 1992 1341 2076 potentiae

328 2080 415 2144 ultra
447 2084 571 2146 ceteras
612 2081 785 2145 eminentis
826 2081 947 2165 euenit,
978 2080 1062 2165 quod
1101 2081 1189 2145 solus
1223 2081 1342 2164 omnia,

329 2189 472 2251 quaeque
501 2171 577 2230 suut
610 2189 754 2250 quaeque
783 2167 934 2231 uidentur
961 2190 1044 2251 esse,
1077 2169 1252 2251 conplexus
1281 2171 1340 2234 est.

288 2271 313 2311 ¹⁵
329 2275 398 2319 essa
414 2259 521 2319 autem
536 2253 671 2318 dicimus
691 2254 930 2339 intellegibilis,
949 2256 1051 2319 uideri
1066 2276 1136 2320 esso
1156 2255 1339 2339 corporalia

328 2343 449 2423 omnia,
486 2363 541 2406 seu
574 2341 719 2406 diuinum
753 2363 869 2426 eorpus
901 2341 1043 2407 habeant
1079 2364 1136 2407 seu
1172 2341 1337 2407 caducum.

327 2428 380 2495 hie
404 2450 480 2515 ergo
504 2452 656 2495 numerus
680 2430 775 2495 simul
805 2429 914 2495 omnia
941 2435 974 2495 ct
997 2453 1113 2515 supera
1136 2434 1169 2495 et
1191 2430 1338 2496 subiecta

327 2518 484 2606 designat.
531 2523 587 2584 aut
611 2519 696 2584 enim
716 2519 792 2584 deus
813 2542 957 2584 summus
976 2525 1027 2585 est
1049 2526 1107 2584 aut
1125 2542 1215 2585 mens
1240 2541 1277 2585 ex
1298 2543 1335 2587 eo
1346 2524 1390 2590 20

326 2611 419 2690 nata,
451 2608 483 2672 in
512 2630 575 2693 qua
601 2631 707 2674 rerum
737 2608 860 2693 species
889 2609 1109 2694 continentur,
1137 2613 1195 2673 aut
1225 2609 1336 2675 muudi

284 2714 310 2754 ὀ
325 2697 442 2779 anima,
467 2720 549 2782 quae
569 2698 750 2762 animarum
770 2697 913 2762 omniurn
933 2697 1006 2762 fons
1029 2701 1086 2784 est,
1110 2702 1167 2763 aut
1185 2698 1337 2764 caelestia

324 2790 402 2850 sunt
434 2807 534 2870 usque
568 2786 607 2851 ad
636 2808 696 2850 nos
730 2790 787 2851 aut
819 2789 948 2851 terrena
976 2791 1094 2851 natura
1127 2791 1190 2870 est,
1223 2790 1256 2852 et
1288 2788 1336 2852 sic

325 2873 489 2957 quinarius
517 2896 622 2938 rerum
657 2875 801 2939 omnium
832 2895 983 2939 numerus
1012 2876 1174 2959 impletur.
1220 2874 1259 2939 de
1287 2879 1386 2943 sc·2l

324 2960 429 3025 cunda
454 2961 626 3045 septenarii
656 2962 781 3025 numeri
805 2957 1030 3027 coniunctione
1054 2962 1140 3028 dicta
1168 2962 1247 3027 haec
1274 2984 1334 3046 pro

322 3049 491 3114 affectatae
512 3050 682 3115 breuitatis
702 3049 894 3115 necessitate
913 3051 1090 3135 sufficiunt;
1109 3051 1207 3115 tertia
1226 3054 1277 3114 est
1295 3049 1334 3115 de

282 3151 308 3192 2⁵
323 3136 426 3202 tribus
450 3140 673 3223 etquattuor,
697 3160 777 3222 quae
801 3142 960 3223 quantum
984 3139 1093 3204 ualeat
1120 3139 1335 3205 reuoluamus.

322 3226 507 3310 geometrici
545 3226 689 3310 corporis
734 3227 775 3291 ab
813 3226 931 3312 impari
966 3229 1072 3312 prima
1108 3227 1262 3311 planities
1300 3228 1333 3292 in
1344 3231 1387 3295 22

322 3314 425 3378 tribus
450 3315 542 3378 lineis
566 3318 710 3396 constat,
739 3315 790 3379 his
815 3317 899 3379 enim
930 3316 1101 3402 trigonalis
1125 3316 1232 3382 forma
1260 3337 1333 3381 con-

321 3401 473 3486 cluditur,
501 3425 520 3466 a
550 3403 621 3487 pari
657 3424 734 3467 uero
768 3403 874 3487 prima
907 3403 941 3468 in
979 3407 1134 3490 quattuor
1161 3403 1333 3469 inuenitur.

320 3490 398 3555 item
435 3491 554 3555 scimus
588 3490 762 3556 secuudum
795 3491 964 3556 Platonem
1001 3492 1033 3556 id
1072 3496 1122 3557 est
1158 3491 1386 3559 secundum23

280 3592 307 3632 ³⁰
319 3578 421 3662 ipsius
442 3578 588 3643 ueritatis
608 3601 758 3645 arcanum
779 3579 835 3644 illa
855 3580 932 3644 lorti
952 3580 1038 3644 inter
1056 3601 1090 3646 se
1109 3579 1239 3645 uinculo
1259 3603 1333 3646 con·

318 3703 529 3711 u-——m-n

392 3785 572 3842 amonadem
588 3786 616 3840 Ρ
660 3785 786 3840 numeris
796 3783 831 3840 li
877 3784 1133 3856 dmtcllegrlrb3B
1179 3787 1333 3858 olparalB

1058 3856 1333 3983 ¹

319 3937 423 4054 ididae
443 3999 618 4053 calcantem
637 4013 706 4052 corr.
725 3999 834 4053 ataid.
854 4014 887 4053 ea
906 3997 995 4052 escen
1015 3998 1043 4052 B
1100 3946 1331 4053 ildoinnraP'

316 4075 350 4124 28
370 4069 443 4123 drlta
464 4066 500 4120 P'
598 4072 633 4123 24
652 4067 767 4142 alietate
786 4068 823 4121 B'
914 4068 1113 4123 adsallierunt
1131 4070 1194 4124 odd.
1216 4070 1332 4140 lautp

317 4145 350 4194 25
365 4145 389 4194 et
404 4144 437 4192 2⁸
452 4141 573 4206 quatuor
590 4139 618 4191 P
681 4144 714 4193 26
730 4137 909 4208 geometrrcrl
921 4134 957 4192 P'
1014 4139 1148 4209 rnparrB
1203 4137 1332 4196 aocollr·

316 4227 378 4281 gan
396 4209 424 4263 B

1062 4295 1117 4351 ³2·
