3322 5190
307 778 372 842 154
704 777 783 834 ΒΔΤ.
801 776 900 832 LIBRI
918 778 943 832 ll

351 959 482 1004 mouere
504 940 612 1023 potuit
634 940 666 1004 iu
691 939 824 1004 iuuenta
846 939 885 1003 de
909 942 1010 1023 stetu,

351 1046 423 1091 ecce
446 1026 480 1090 iu
503 1032 634 1092 senecta
656 1031 693 1092 ut
715 1028 810 1093 facile
833 1025 986 1091 labefecit
1009 1028 1081 1093 loco

352 1115 414 1179 uiri
439 1116 627 1180 excellentis
650 1120 760 1180 mente
784 1116 942 1181 clemente
965 1116 1053 1181 edita

350 1204 525 1268 summissa
548 1204 673 1287 placide
696 1204 944 1290 blandiloquens
968 1205 1096 1270 oratio?

350 1297 384 1357 et
407 1292 493 1357 enim
515 1292 578 1378 ipsi
603 1293 635 1357 di
658 1314 777 1379 negare
801 1294 853 1360 cui
875 1293 958 1381 nihil
981 1296 1170 1379 potuerunt,

350 1381 514 1446 hominem
538 1404 589 1447 me
613 1382 772 1470 denegare
795 1383 869 1468 quis
892 1389 1005 1467 posset
1028 1384 1122 1468 pati?

350 1490 411 1555 ego
436 1471 486 1536 bie
510 1472 643 1537 tricenis
668 1474 761 1538 aunis
786 1472 868 1537 actis
892 1473 961 1537 sine
984 1478 1064 1537 nota

350 1581 448 1644 eques
472 1560 638 1625 Ilornanus
661 1582 677 1627 c
700 1561 782 1626 Lare
805 1582 953 1646 egressus
977 1582 1048 1626 meo

350 1648 480 1714 domum
505 1652 651 1714 reuertar
675 1651 802 1734 mimus,
825 1650 859 1715 ni
882 1648 1000 1714 mirum
1024 1649 1086 1715 hcc
1109 1650 1161 1715 die

351 1760 415 1804 uno
439 1739 513 1822 plus
537 1739 601 1803 uixi
625 1739 707 1804 rnilri
730 1763 827 1826 quam
851 1739 1025 1804 uiuendum
1048 1738 1121 1806 fuit

352 1825 482 1892 fortuna
509 1827 724 1894 immoderata
750 1832 784 1893 in
808 1830 893 1893 bono
917 1850 1018 1913 acque
1042 1832 1139 1912 atque
1163 1830 1196 1893 in
1219 1829 1316 1911 malo,

351 1912 380 1979 si
403 1915 464 1980 tibi
487 1921 558 1982 erat
581 1917 710 1981 libitum
736 1917 915 1982 litterarum
939 1916 1089 1981 laudibus

351 2002 441 2069 floris
464 2025 617 2070 cacumen
640 2010 771 2070 nostrae
795 2006 899 2070 famae
921 2004 1085 2090 frangere,

351 2113 409 2158 eur
431 2115 503 2159 curn
528 2094 679 2180 nigellam
704 2095 858 2160 nrcnrbrie
882 2094 1195 2180 praeuirirlantibus,

352 2183 432 2246 satis
456 2182 560 2248 lacere
585 2184 704 2266 populo
729 2189 762 2249 et
785 2184 843 2248 tali
867 2206 939 2247 curn
963 2189 1109 2267 poteram
1133 2184 1216 2267 uiro,

350 2291 417 2333 non
442 2293 492 2334 me
516 2272 690 2336 flexibilem
715 2273 930 2353 concuruasti,
954 2276 991 2335 ut
1014 2272 1183 2356 carperes?

350 2359 490 2423 nuncine
515 2380 565 2423 rue
589 2360 709 2425 deicis?
733 2358 818 2444 quo?
845 2360 921 2444 quid
945 2361 985 2424 ad
1009 2381 1160 2424 scaenam
1184 2358 1319 2424 adfero?

351 2445 499 2511 decorem
523 2449 647 2512 formae
671 2469 712 2512 an
736 2448 930 2533 dignitatem
954 2448 1114 2530 corporis,

351 2533 451 2598 aninn
474 2535 631 2600 uirtutem
654 2558 697 2600 an
720 2535 809 2601 uocis
833 2534 992 2600 iucundae
1015 2534 1154 2600 sonum?

351 2625 388 2685 ut
411 2620 531 2686 hedera
554 2645 686 2706 serpens
711 2623 796 2687 uires
820 2623 973 2687 arboreas
997 2627 1104 2705 necat,

350 2709 397 2772 ita
421 2731 471 2774 rne
496 2713 642 2775 uetustas
666 2713 817 2794 amplexu
841 2733 998 2776 annorum
1023 2715 1149 2776 enecat:

351 2798 492 2880 sepulcri
516 2798 631 2864 similis
655 2800 737 2864 uihll
762 2800 826 2864 nisi
849 2821 968 2864 nornen
991 2800 1126 2865 retineo.

274 2920 340 2988 «liu
364 2921 437 3005 ipsa
461 2945 587 3006 quoque
611 2924 737 2988 actione
759 2923 894 2988 subinde
914 2946 957 3007 se,
980 2947 1045 3008 qua
1063 2928 1201 3009 poterat,
1225 2923 1319 2988 ulcis-

306 3010 438 3074 cebatur
466 3011 597 3074 inducto
625 3011 739 3074 habitu
764 3012 851 3093 Syri,
879 3014 932 3094 qui
957 3013 1047 3075 uelut
1070 3013 1181 3095 llagrie
1206 3034 1318 3075 caesus

306 3097 580 3181 praeripientique
605 3099 721 3162 sirnilis
744 3100 948 3163 exclamabat

373 3242 469 3303 porro
494 3220 634 3298 Quirites
657 3223 842 3288 libertatem
866 3221 1031 3307 perdimus

306 3348 339 3409 et
362 3346 458 3430 paulo
483 3351 558 3430 poet
580 3347 697 3412 adiecit

378 3537 412 3584 211
432 3531 530 3599 fragm.
551 3548 621 3586 corn.
642 3531 684 3586 ed.
704 3539 720 3585 1
740 3531 869 3586 Ribeclrii
889 3550 915 3600 p.
935 3538 986 3586 191

307 3633 383 3640 ——m
395 3634 455 3639 .-.--

380 3705 442 3753 tin
463 3703 577 3754 ruricula
596 3698 689 3768 potuit
708 3699 743 3753 P'
809 3673 880 3755 edi
904 3700 929 3752 Β
985 3697 1171 3770 poteruatP'
1234 3701 1318 3770 equi

306 3770 436 3842 Mcycrrre
455 3771 567 3827 Autlrcl.
586 3774 633 3825 lut.
650 3790 678 3840 p.
694 3776 734 3825 ,211
790 3771 946 3825 'ltrcccnis
956 3772 983 3825 P
1031 3774 1319 3829 8earld.Sclmeirtc·

305 3845 396 3896 scissus
413 3860 480 3896 arus.
501 3842 625 3896 litterius.
646 3845 713 3896 crossi
733 3843 750 3895 1
755 3844 775 3895 I
786 3861 812 3910 p.
829 3848 886 3896 036
934 3849 965 3895 10
984 3861 1034 3897 cru.
1054 3845 1081 3896 P
1122 3852 1151 3898 11
1168 3844 1269 3899 Forma
1283 3843 1317 3899 Β’

308 3919 340 3966 16
360 3929 404 3967 rna
428 3913 576 3967 tlcxibitcru
601 3914 731 3968 Bellu'as:
756 3914 905 3968 flexibilem
929 3931 973 3967 ure
998 3916 1054 3968 BP
1141 3923 1172 3971 17
1197 3934 1318 3971 nuncrne

305 4002 638 4059 sensumsensurn
662 4003 718 4055 BP
789 4010 819 4054 19
844 4002 981 4056 iocundae
1005 4004 1062 4057 BP
1130 4010 1165 4059 20
1188 3991 1275 4060 isdera
1294 4007 1321 4060 P

305 4078 338 4126 ai
359 4087 492 4127 annorum
513 4074 595 4125 necat
614 4072 641 4124 Β
701 4078 733 4125 21
754 4071 906 4140 sepulchris
920 4073 956 4139 B,
976 4072 1112 4142 sepulchri
1133 4076 1161 4128 P
1218 4080 1253 4129 24
1272 4075 1320 4130 srrr

305 4141 334 4195 P
384 4147 418 4195 26
437 4143 577 4210 quaeritet
593 4143 621 4195 B

1345 1319 1358 1359 ὕ

1333 1765 1359 1804 1⁰

1333 2206 1358 2246 15

1333 2649 1361 2687 20

1333 3123 1360 3163 25
