3442 5190
760 845 825 901 VIII
845 851 932 901 1-10
1293 845 1358 911 159

344 1006 564 1092 integrarique
587 1007 713 1073 animos
737 1008 777 1072 ad
801 1006 1015 1073 instauranda
1037 1007 1225 1074 sobrietatis
1250 1008 1360 1074 officia

345 1094 553 1174 existimauit,
572 1095 777 1181 redditosque
797 1097 918 1161 sensim
935 1096 1088 1162 laetiores
1104 1097 1144 1162 ad
1159 1096 1359 1162 intentiones

345 1204 457 1249 rursus
490 1185 704 1269 capessendas
738 1185 807 1250 fieri
839 1185 1033 1268 habiliores,
1064 1188 1097 1250 et
1128 1186 1240 1270 simul,
1272 1185 1359 1271 siqui

343 1272 474 1355 penitus
498 1273 531 1337 in
554 1273 605 1338 his
630 1273 848 1354 adfectionum
868 1274 1145 1359 cupiditatumque
1165 1296 1290 1340 errores
1309 1274 1358 1339 in-

319 1363 462 1444 cessent,
484 1383 565 1446 quos
585 1362 706 1427 celaret
724 1362 868 1449 alioquin
887 1363 992 1449 pudor
1010 1385 1172 1448 reserens,
1192 1385 1230 1428 sa
1248 1363 1359 1428 omnia

344 1450 411 1514 sine
439 1450 530 1536 graui
557 1452 700 1535 periculo
730 1453 882 1517 libertate
909 1474 966 1538 per
994 1453 1107 1517 ninum
1134 1452 1212 1517 data
1240 1452 1358 1538 detegi,

344 1541 377 1602 et
415 1539 455 1604 ad
488 1540 713 1627 corrigendum
747 1541 1003 1626 medendumque
1034 1541 1105 1606 fieri
1137 1540 1358 1626 oportuniors.

344 1630 441 1711 atque
468 1628 530 1696 hoe
559 1628 658 1694 etiam
683 1629 776 1695 Plato
803 1629 923 1693 ibidem
952 1629 1032 1694 dicit
1055 1650 1121 1693 non
1144 1628 1387 1714 diffugiendas?

345 1736 413 1779 esse
438 1715 680 1782 huiuscemodi
705 1717 952 1783 exercitationes
977 1716 1148 1783 aduersum
1169 1716 1357 1801 propulsan-

308 1803 419 1875 adam
442 1805 513 1870 uini
535 1806 737 1891 uiolentiam,
761 1829 865 1892 neque
889 1807 990 1872 ullum
1015 1829 1169 1892 umquam
1192 1806 1358 1872 eontinen-

344 1895 408 1959 tem
440 1917 592 1979 prorsum
625 1899 683 1960 aut
711 1899 947 1980 temperantem
976 1896 1056 1961 satis
1086 1895 1225 1961 fideliter
1253 1896 1359 1960 uisum

343 2004 426 2067 esse,
454 1984 506 2050 eui
534 1985 604 2050 uita
630 2007 697 2051 non
725 1985 812 2050 inter
835 1985 908 2070 ipsa
931 2006 1077 2050 errorum
1101 1984 1247 2070 pericula
1269 1989 1303 2050 et
1325 1985 1360 2050 in

343 2071 457 2138 mediis
486 2076 692 2161 uoluptatum
720 2075 892 2140 inlecebris
917 2076 1087 2158 explorata
1110 2075 1162 2141 sit.
1208 2097 1284 2140 nam
1308 2073 1390 2149 cui8

344 2160 498 2227 libentiae
535 2164 721 2249 gratiaeque
758 2186 871 2229 omnes
909 2164 1133 2229 conuiuiorum
1171 2163 1358 2248 incognitae

306 2251 424 2336 assint,
446 2251 564 2337 quique
591 2253 720 2317 illarum
744 2253 876 2318 omnino
900 2275 1015 2336 expers
1039 2253 1098 2336 sit,
1125 2252 1153 2316 si
1177 2274 1251 2316 eam
1273 2252 1358 2316 forte

345 2339 384 2404 ad
412 2341 652 2427 participandas
681 2341 776 2406 husius
804 2341 891 2406 modi
916 2342 1102 2426 uoluptates
1126 2343 1183 2405 aut
1206 2341 1358 2406 uoluntas

345 2429 457 2496 tulerit
487 2435 546 2496 aut
577 2453 669 2497 casus
703 2431 865 2496 induxerit
892 2434 949 2495 aut
976 2431 1153 2496 necessitas
1181 2430 1359 2515 impulerit,

346 2542 421 2584 mox
449 2520 582 2585 deleniri
610 2524 643 2585 et
670 2521 741 2606 capi
765 2542 867 2605 neque
891 2523 1035 2585 mentem
1058 2519 1127 2584 eiua
1151 2519 1358 2603 animumque

347 2608 534 2674 consistere.
580 2631 638 2674 con
666 2608 852 2673 rediendam
876 2609 978 2693 igitur
999 2613 1033 2672 et
1051 2611 1216 2691 tamquam
1236 2608 1271 2672 in
1291 2609 1388 2678 acie9

307 2723 334 2764 16
347 2695 486 2780 quadam
510 2719 582 2761 cum
605 2631 800 2781 uoluptariis
820 2696 915 2760 rebus
935 2717 1072 2779 cumque
1089 2697 1153 2760 ista
1173 2695 1242 2759 uini
1261 2696 1358 2760 lieen-

347 2783 394 2847 tia
416 2785 596 2848 comminus
621 2783 864 2866 decernendum,
887 2787 925 2846 ut
948 2783 1101 2846 aduersus
1124 2805 1178 2846 eas
1197 2805 1263 2846 non
1281 2783 1360 2867 fuga

346 2890 405 2933 nec
428 2871 577 2933 absentia
600 2871 701 2934 simus
720 2871 792 2952 tuti,
816 2870 872 2933 sed
891 2870 1005 2953 uigore
1024 2869 1124 2933 animi
1144 2872 1178 2933 at
1197 2870 1359 2934 constanti

346 2958 531 3039 praesentia
540 2957 769 3041 moderatoque
782 2980 841 3021 usu
853 2957 1102 3039 temperantiam
1114 2957 1358 3023 continentiam·

346 3066 407 3128 que
435 3048 598 3131 tueamur,
621 3049 654 3110 et
678 3045 834 3110 calefacto
859 3045 956 3110 simul
980 3045 1149 3130 refotoque
1173 3046 1294 3129 animo,
1318 3046 1359 3111 si-

309 3134 421 3219 sequid
450 3135 483 3200 ia
511 3156 549 3201 eo
577 3135 629 3200 1161
659 3135 795 3221 frigidae
824 3135 977 3200 tristitiae
1005 3135 1058 3200 uel
1087 3136 1249 3219 torpentis
1272 3158 1359 3200 uero·

347 3224 478 3290 claudiae
502 3224 611 3310 luerit,
633 3225 803 3290 diluamus.

435 3313 496 3380 Sed
517 3314 593 3400 quia
612 3317 856 3399 uoluptatum
880 3314 1014 3379 lecimus
1038 3314 1244 3398 mentionem,
1267 3314 1361 3381 docet
1373 3324 1414 3389 10

347 3404 551 3490 Aristoteles,
569 3426 590 3468 a
608 3405 724 3489 quibus
744 3404 969 3487 uoluptatibus
990 3404 1034 3468 sit
1052 3403 1241 3469 cauendum.
1270 3403 1359 3489 quin·

347 3517 409 3580 que
427 3494 513 3559 enim
528 3497 606 3560 sunt
623 3493 792 3559 hominum
813 3515 937 3577 sensus,
956 3516 1037 3579 quos
1052 3493 1169 3559 Graeci
1188 3494 1361 3576 αἰσθήσεις

418 3659 430 3708 1
453 3651 524 3706 Plat.
543 3651 590 3722 leg
612 3695 618 3707 .
637 3671 664 3722 p.
684 3657 735 3708 616
755 3652 778 3705 Β
854 3653 926 3707 sib.
946 3670 973 3722 p.
993 3657 1045 3707 646
1066 3653 1087 3706 Β
1161 3657 1194 3706 17
1214 3651 1360 3709 Aristotel.

347 3722 410 3778 Eth.
429 3722 537 3779 Nicom.
558 3671 610 3777 vll
628 3727 645 3777 4
664 3741 723 3792 sqq.

417 3871 433 3919 6
451 3864 651 3934 capessendo*
656 3881 679 3935 p
697 3863 892 3933 (capessendas
906 3869 937 3918 ut
951 3865 1010 3921 aid.
1027 3864 1066 3934 Ρ)
1112 3864 1160 3933 qui
1177 3864 1204 3918 P
1247 3864 1362 3918 461166·-

346 3935 452 3990 1161111111
473 3936 501 3989 P
553 3936 695 4004 talloqur
714 3937 742 3991 B
793 3936 996 4005 'lcorrrgandsr
1015 3941 1046 3990 ut
1065 3936 1124 3991 uid.
1138 3930 1175 3989 P'
1228 3939 1261 3988 10
1280 3936 1360 3990 allam

347 4005 382 4060 B'
447 4013 479 4062 16
498 4006 643 4062 illecebris
659 4006 687 4059 P
751 4013 783 4061 14
802 4006 893 4061 ommi
909 4007 937 4061 Β
1005 4006 1103 4061 omnes
1118 4022 1311 4061 conarurorum
1329 4009 1361 4060 ia

347 4093 401 4132 rus.
419 4079 450 4133 in
469 4079 498 4132 P
564 4083 596 4132 lb
615 4078 717 4147 expres
730 4072 766 4130 13‘
842 4082 874 4132 16
894 4077 1028 4146 uoluptas
1046 4075 1083 4131 P'
1160 4083 1192 4132 18
1211 4075 1324 4131 deliniri
1337 4093 1360 4147 p

349 4151 382 4202 16
401 4147 578 4204 [6111111616
597 4150 640 4217 (in
653 4165 708 4204 ras.
727 4149 784 4216 sicit
799 4149 822 4216 1)
841 4148 876 4214 P,
895 4147 1069 4204 consisteres
1084 4150 1113 4204 B
1171 4154 1206 4202 211
1225 4148 1311 4203 ramur
1327 4178 1359 4189 -

349 4224 383 4274 26
401 4220 539 4294 prqlenlua
556 4237 607 4276 oin.
627 4219 661 4273 B'
716 4217 884 4288 1116116111
905 4219 933 4273 P
986 4218 1054 4274 dreia
1075 4221 1102 4274 P
