3322 5190
324 811 368 879 se
722 809 797 866 ann
818 809 914 865 crem
933 812 946 868 1

325 976 428 1042 uisset
455 978 663 1059 percontatus
692 976 755 1056 est,
778 972 879 1039 ‘noui’
902 974 1008 1059 inquit
1035 973 1200 1061 Diogenes
1223 973 1340 1042 ‘homi-

324 1064 422 1130 nibus
440 1063 552 1131 liberis
570 1061 751 1148 imperare'
788 1066 866 1128 tuno
881 1061 1041 1129 Xeniades
1059 1085 1250 1148 responsum
1270 1065 1340 1131 eius

325 1153 503 1218 demiratus
521 1153 595 1218 emit
611 1157 641 1218 et
658 1152 766 1216 emisit
780 1173 886 1236 manu,
905 1151 1053 1235 filiosque
1071 1174 1147 1217 suos
1165 1152 1193 1218 ei
1207 1152 1341 1219 tradens

326 1239 460 1326 ‘accipe'
483 1241 591 1327 inquit
614 1238 745 1306 ‘liberos
769 1261 869 1324 meos,
891 1239 1007 1324 quibus
1031 1239 1191 1325 imperes'.

272 1332 317 1397 44
416 1328 465 1395 De
488 1329 665 1415 Epicteto
693 1332 800 1394 autem
828 1328 1024 1413 philosopho
1048 1329 1166 1415 nobili,
1193 1330 1281 1415 quod
1311 1331 1340 1395 is
1368 1353 1382 1394 a

328 1440 456 1505 quoque
479 1440 592 1485 seruus
615 1418 692 1501 fuit,
719 1418 878 1483 recentior
906 1421 957 1482 est
979 1418 1150 1500 memoria,
1178 1440 1276 1503 quem
1303 1423 1342 1484 ut

274 1509 317 1573 45
327 1507 433 1593 possit
463 1508 551 1572 inter
580 1506 771 1572 oblitterata
802 1505 927 1570 nesciri.
978 1505 1069 1571 ouius
1101 1506 1201 1570 etiam
1233 1506 1273 1570 de
1305 1528 1342 1572 se

328 1596 443 1680 scripti
465 1595 528 1660 duo
552 1616 665 1661 uersus
689 1593 848 1677 feruntur,
876 1615 915 1657 ex
939 1593 1054 1677 quibus
1082 1592 1170 1659 eliud
1199 1594 1343 1659 latenter

327 1684 500 1767 intellegas
522 1703 588 1747 non
606 1683 696 1748 omni
715 1680 810 1746 modo
834 1680 882 1745 dis
905 1701 1020 1746 exosos
1039 1702 1119 1764 esse,
1143 1681 1198 1765 qui
1221 1682 1256 1745 in
1278 1682 1343 1746 hac

327 1770 398 1835 uita
425 1791 499 1834 cum
528 1790 755 1835 aerumnarum
782 1768 941 1833 uarietate
972 1770 1149 1851 luctantur,
1180 1768 1236 1834 sad
1268 1790 1384 1834 essere

328 1878 463 1923 arcanas
492 1878 621 1942 causas,
654 1855 694 1921 ad
722 1877 804 1941 quas
836 1877 1010 1938 paucorum
1038 1855 1147 1941 potuit
1174 1857 1343 1940 peruenire

328 1945 500 2012 curiositas

399 2070 520 2147 δοῦλος
540 2064 729 2182 Ἐπίκτντος
751 2071 897 2154 γενόμην
919 2066 975 2134 καὶ
999 2061 1082 2154 σῶμ’
1108 2068 1291 2156 ἀνάπηρος,

440 2156 495 2225 καὶ
518 2161 638 2242 πενίην
664 2160 743 2245 Ιρος
764 2155 820 2223 καὶ
842 2160 940 2243 φίλος
963 2158 1157 2235 ἀθανάτοις.

275 2285 319 2348 46
419 2281 544 2367 Habes,
573 2287 611 2348 nt
644 2282 774 2367 opinor,
811 2282 975 2347 adsertum
1007 2304 1073 2347 non
1104 2304 1176 2348 esse
1209 2281 1344 2349 fastidio
1360 2305 1386 2346 rs

331 2371 571 2457 despiciendum
595 2371 713 2437 seruile
740 2392 872 2455 nomen,
899 2393 973 2436 cum
1001 2375 1035 2435 at
1056 2369 1166 2438 Iouem
1198 2372 1347 2457 tetigerit

331 2483 409 2528 cura
431 2461 470 2526 de
494 2482 588 2526 seruo
613 2465 646 2525 et
669 2460 790 2526 multos
818 2482 856 2525 ex
879 2459 931 2526 his
959 2460 1070 2526 fideles
1098 2459 1252 2546 prouidos
1279 2461 1347 2526 for-

331 2556 394 2635 tes,
417 2549 630 2635 philosophos
653 2549 765 2634 etiam,
794 2548 940 2614 extitisse
963 2550 1154 2615 constiterit.
1196 2572 1282 2615 nunc
1305 2550 1346 2615 de

332 2637 603 2725 sigillaribus,
631 2660 671 2703 ne
695 2636 830 2704 ridenda
857 2661 909 2703 me
932 2639 1043 2722 potius
1067 2640 1219 2705 aestimes
1247 2661 1347 2723 quarn

279 2732 447 2795 dlsancta
478 2727 612 2812 dixisse,
644 2727 755 2811 paucis
792 2727 1021 2792 recensendum
1054 2732 1112 2794 est.
1167 2728 1387 2795 Ericauvsso

332 2816 434 2883 refert
452 2815 657 2880 Herculem
682 2816 807 2881 occiso
828 2814 1003 2900 Geryone
1026 2838 1110 2882 oum
1128 2817 1255 2881 uictor
1279 2839 1348 2901 per

332 2904 490 2970 Italiam
532 2909 707 2970 armenta
748 2904 937 2988 duxisset,
978 2907 1107 2989 ponta,
1148 2906 1212 2989 qui
1249 2927 1347 2970 nunc

333 2992 524 3057 sublicius
557 2990 713 3075 dicitur,
741 2991 785 3056 ad
819 2995 969 3076 tempus
1002 2991 1194 3057 instructo
1224 2983 1347 3057 homi-

333 3101 421 3145 num
455 3078 663 3143 simulacra
707 3100 775 3162 pro
812 3100 969 3143 numero
1008 3080 1211 3158 sociorum,
1250 3103 1346 3164 quoe

334 3188 447 3232 casus
487 3167 819 3251 peregrinationis
862 3167 1058 3250 amiserat,
1095 3168 1134 3233 in
1179 3167 1345 3233 fluuium
1361 3189 1388 3229 ss

335 3255 551 3338 demisisse,
583 3259 625 3319 ut
656 3277 755 3339 aqua
786 3254 952 3321 secunda
987 3255 1026 3319 in
1054 3276 1155 3321 mare
1185 3256 1347 3321 aduecta

336 3366 404 3430 pro
428 3343 659 3427 corporibus
682 3344 949 3410 defunctorum
973 3344 1099 3409 ueluti
1122 3345 1265 3431 patriis
1289 3368 1345 3411 se-

332 3477 548 3489 ————

408 3559 441 3608 13
461 3553 575 3609 Anthol.
595 3553 654 3608 Pal.
673 3552 724 3609 Vll
743 3560 794 3609 tlt

408 3755 422 3802 1
443 3749 514 3804 esset
532 3756 595 3807 areu
614 3766 680 3805 nour
698 3751 760 3806 odd.
781 3750 819 3805 1³²
900 3750 1048 3806 listune
1069 3751 1096 3804 P
1169 3750 1295 3807 lenradel
1311 3751 1347 3807 Β

336 3821 459 3876 amidam
488 3822 606 3875 miratus
630 3822 658 3875 Β
749 3828 764 3876 3
788 3823 857 3877 emit
884 3823 913 3877 et
936 3840 969 3876 es
999 3822 1086 3878 Gellio
1114 3823 1177 3878 add.
1206 3823 1349 3880 Meureius

335 3891 542 3962 tphclolopho
561 3889 597 3947 B'
672 3893 858 3948 'loblrterata
876 3894 904 3947 Β
976 3892 1088 3947 Saluid
1106 3895 1249 3950 inductum
1268 3897 1300 3950 ic
1320 3898 1349 3950 B

336 3970 352 4018 9
367 3963 479 4018 exosum
494 3981 525 4033 p,
544 3964 641 4020 exosus
655 3971 687 4019 ut
705 3967 762 4020 uid.
783 3965 810 4018 P
879 3970 910 4016 ll
927 3964 1064 4018 archanas
1075 3965 1108 4032 P,
1122 3966 1219 4020 asiae
1232 3982 1293 4022 *a*
1308 3967 1353 4020 lcl'

320 4033 363 4094 ,Β
419 4040 452 4088 13
472 4034 490 4089 Ε
508 4036 541 4090 in
559 4036 748 4090 ΕΠΙΚΤΗῘΟ(
765 4038 797 4090 in
815 4053 870 4090 rae.
884 4038 917 4090 in
933 4034 967 4103 P,
986 4036 1179 4090 ΘΠΙΚΤΗΤΟ(
1193 4038 1220 4090 Β
1275 4039 1349 4093 (ΟΜ

335 4105 364 4160 Β
433 4109 466 4158 14
484 4106 513 4160 Π
530 4108 562 4161 in
580 4107 707 4161 ΠΕΝΙΗΝ
726 4108 758 4161 in
776 4122 830 4162 ras.
850 4107 882 4161 in
901 4105 929 4158 P
1000 4110 1032 4158 1⁶
1051 4105 1181 4161 assertum
1202 4108 1248 4162 oP
1315 4114 1349 4162 16

335 4174 538 4245 dispiciendum
557 4177 585 4230 Β
639 4181 674 4232 20
692 4176 934 4235 esrecansendum
953 4175 982 4230 P
1034 4177 1284 4246 argemonen?
