3442 5190
766 799 791 852 X
811 802 899 854 6-18
1296 796 1340 862 45

330 957 459 1042 itaque
481 956 648 1023 Hercule
671 957 780 1023 illurn
804 957 942 1024 Accam
967 956 1202 1041 Larentiam,
1230 955 1340 1021 nobi·

331 1046 519 1112 tissimum
554 1045 590 1111 id
629 1047 815 1130 temporis
852 1048 1038 1130 scortum,
1074 1045 1179 1111 intra
1210 1044 1339 1110 aedem

331 1134 535 1201 inclusisse
553 1157 634 1201 eum
654 1157 760 1222 cena,
783 1158 940 1222 eamque
960 1138 1118 1221 postero
1137 1135 1197 1200 dio
1215 1133 1340 1200 distu-

333 1224 425 1290 lisse
443 1246 646 1309 rumorem,
665 1226 763 1310 quod
783 1229 873 1312 post
892 1224 1137 1291 concubitum
1157 1224 1217 1290 dei
1236 1246 1340 1290 acee-

309 1314 455 1398 spisset
472 1335 618 1398 munus,
636 1336 682 1379 ne
700 1315 934 1382 commodum
953 1315 1096 1399 primae
1111 1313 1342 1397 occasionis,

333 1426 411 1468 euru
439 1425 478 1469 se
505 1402 653 1469 domurn
681 1405 885 1490 reciperet,
913 1404 1136 1470 offerendae
1161 1425 1341 1489 asperna-

333 1498 445 1560 retur.
481 1494 658 1560 euenisse
681 1496 827 1581 itaque,
849 1498 892 1560 ut
915 1515 1072 1581 egressa
1095 1495 1238 1580 templo
1257 1485 1396 1560 moxl4

333 1607 352 1649 a
378 1583 536 1651 Uenutio
566 1588 678 1670 capto
706 1585 788 1651 eius
816 1584 1106 1670 pulchritudine
1134 1584 1343 1669 compella-

333 1677 445 1740 retur.
495 1673 603 1740 euius
635 1674 876 1742 uoluntatem
905 1677 1036 1740 secuta
1064 1674 1343 1760 adsumptaque

311 1763 481 1850 enuptiis
499 1766 590 1849 post
608 1764 754 1830 obitum
774 1764 850 1830 uiri
870 1764 1037 1831 omnium
1056 1763 1240 1830 bonorum
1261 1763 1343 1827 eius

334 1852 436 1919 laeta
463 1875 630 1938 compos,
659 1875 741 1919 cum
769 1853 972 1920 decederet
998 1855 1180 1939 populum
1207 1853 1344 1918 Roma·

334 1964 418 2007 num
441 1942 682 2026 nuncupauit
704 1941 892 2009 heredem.
934 1944 972 2007 et
993 1943 1080 2007 ideo
1104 1943 1150 2007 ab
1175 1943 1280 2007 Anco
1306 1941 1398 2015 inlb

335 2030 502 2096 Velabro
525 2031 610 2096 loco
634 2030 887 2098 celeberrimo
909 2030 1017 2095 urbis
1036 2031 1191 2115 sepulta
1209 2033 1280 2113 est,
1303 2051 1345 2094 ae

335 2118 519 2183 sollemne
551 2118 774 2183 sacrificum
807 2120 929 2183 eidem
962 2120 1236 2200 constitutum,
1272 2139 1344 2200 quo

311 2205 390 2274 sdis
412 2205 591 2270 Manibus
613 2206 696 2270 eins
720 2226 786 2291 per
808 2206 1006 2270 flaminem
1035 2204 1345 2285 sacrificaretur,

335 2293 493 2376 Iouique
525 2292 649 2357 feriae
681 2297 944 2376 consecratae,
977 2292 1061 2376 quod
1090 2293 1347 2357 aestimauerunt

336 2380 459 2466 antiqui
492 2382 618 2446 animas
646 2404 665 2446 a
692 2380 770 2446 Ioue
803 2380 874 2445 dari
905 2383 939 2446 et
965 2402 1078 2446 rursus
1105 2382 1182 2465 post
1209 2384 1344 2445 mortem

336 2469 436 2536 eidem
478 2469 577 2535 reddi.
639 2470 736 2537 Oll'ro
778 2469 825 2535 ait
866 2468 1081 2536 Larentiam
1123 2467 1400 2536 meretriciolli

336 2564 500 2645 quaestu
525 2559 803 2644 locupletatam
826 2562 916 2645 post
939 2581 1136 2626 excessum
1156 2581 1263 2624 auum
1282 2581 1347 2645 po·

308 2651 426 2735 apulo
450 2649 621 2716 Romano
644 2670 760 2735 agros
779 2648 964 2714 Turaeem
989 2647 1201 2714 Semurium
1224 2647 1348 2712 Linti-

336 2740 432 2805 rium
465 2743 503 2804 et
531 2737 718 2804 Solinium
750 2738 961 2820 reliquisse
995 2740 1033 2800 et
1063 2737 1147 2802 ideo
1176 2734 1349 2819 sepulcri

336 2825 651 2912 magnificientia
668 2830 700 2889 et
718 2846 866 2889 annuae
888 2824 1181 2908 parentationis
1204 2825 1349 2890 honore

337 2915 547 2998 dignatam.
588 2913 712 2978 Mrem
734 2911 981 2978 Hrsrorusavu
1000 2929 1105 2978 niano
1124 2929 1230 2978 ramo
1253 2911 1348 2976 Fau·
1363 2911 1402 2974 ll

337 3003 431 3067 stuli
468 3000 671 3086 coniugem
705 2999 842 3066 Accam
874 3000 1094 3067 Larentiam
1127 3000 1281 3067 Romuli
1313 3004 1351 3064 et

309 3092 443 3158 altcuri
467 3090 657 3157 nutricem
681 3090 804 3155 fuisse
827 3091 1004 3157 coufirmat.
1046 3090 1143 3156 hanc
1166 3091 1351 3178 regnante

337 3182 495 3249 Romulo
514 3178 672 3246 (lauatio
696 3180 845 3245 cuidam
864 3178 986 3246 Tusco
1006 3179 1121 3246 diuiti
1140 3180 1351 3264 denuptam

339 3273 564 3356 auctamque
582 3268 803 3334 hereditate
824 3267 908 3334 uiri.
942 3292 1052 3354 qnam
1072 3272 1161 3356 post
1176 3267 1353 3352 Itomnlo,

339 3383 446 3446 quem
475 3359 692 3442 educasset,
719 3358 894 3442 reliquit,
922 3362 959 3423 et
986 3360 1032 3424 ab
1061 3380 1102 3423 eo
1131 3357 1354 3445 parentalia

340 3450 513 3534 diemque
533 3446 673 3512 festum
693 3468 810 3513 eausa
827 3446 989 3532 pietatis
1009 3449 1208 3513 statutum.
1245 3469 1284 3512 ex
1301 3446 1354 3511 his
1368 3451 1406 3516 18

341 3560 417 3625 ergo
455 3536 605 3603 omnibus
638 3533 751 3618 colligi
783 3537 894 3621 potest
924 3540 958 3602 et
990 3559 1053 3603 uno
1085 3536 1137 3602 die
1169 3534 1355 3601 Saturnalia

341 3655 552 3665 ..n—...nn—

413 3711 526 3766 lrllam
545 3710 574 3764 P
630 3710 668 3765 ad
685 3709 835 3765 larentiam
853 3711 917 3767 add.
936 3713 950 3764 l
968 3711 1051 3766 laub
1109 3718 1216 3784 tegna
1229 3726 1260 3779 p,
1279 3709 1357 3783 &gna

344 3782 372 3838 P
440 3777 756 3849 lderom.B'‚diP
814 3781 947 3837 tnecP
1017 3777 1132 3836 aaa
1205 3780 1357 3849 tseqnuta

344 3852 536 3922 assumptaque
556 3850 584 3906 P
636 3856 669 3906 14
688 3848 812 3919 lollepne
832 3853 860 3909 P
912 3857 945 3908 18
963 3851 1132 3907 laurentram
1150 3852 1186 3919 B,
1205 3867 1256 3907 om.
1278 3851 1306 3904 P

346 3929 378 3978 19
396 3922 540 3992 locupleta
561 3921 589 3974 P
650 3920 783 3976 ursellum
802 3920 838 3976 B
907 3929 942 3978 20
961 3924 1103 3978 Sturatem
1123 3923 1308 3978 Baehrensias
1325 3921 1358 3975 ia

345 3993 517 4047 Fleckciaeai
534 3992 693 4046 Acisalitae
712 3995 794 4056 1886,
814 3997 870 4049 782
944 3992 1041 4048 lutrnu
1062 3994 1090 4047 P
1158 3998 1192 4046 21
1212 3992 1357 4046 Solonium

344 4064 529 4117 Bodrreneius
542 4063 560 4117 1.
576 4063 593 4116 l.
644 4059 857 4129 sepulchrrBP
903 4069 937 4118 ΞΒ
954 4064 1049 4118 ialtulr
1065 4063 1093 4117 P
1140 4068 1175 4115 al
1190 4062 1358 4116 laurentiam

345 4131 587 4256 l3,laraent1q,P
608 4134 637 4199 (u
656 4137 719 4185 cate
736 4149 750 4184 r
768 4136 833 4190 add.
855 4133 904 4202 1²¹)
977 4140 1011 4188 28
1032 4150 1133 4188 cancro
1153 4134 1181 4188 P
1250 4137 1285 4186 28
1303 4135 1358 4199 que

345 4220 377 4256 aa
394 4217 449 4258 roe.
468 4218 501 4256 aa
