3442 5190
617 1694 785 1763 LIBER
817 1694 1092 1764 SECVNDVS

438 1839 501 1906 Hic
538 1839 595 1905 ubi
632 1839 797 1905 modestus
834 1839 947 1906 edendi
980 1839 1094 1906 modus
1126 1860 1253 1905 cessare
1289 1838 1392 1905 fecitI

350 1929 575 1995 castimoniam
604 1927 813 2013 ferculorum,
841 1932 874 1994 et
902 1930 1082 1995 conuiualis
1109 1929 1237 1995 laetitia
1261 1931 1364 1994 minu·

350 2019 449 2085 aculis
467 2019 593 2104 poculis
613 2019 786 2103 oriebatur,
801 2017 946 2085 Auienus
966 2020 1014 2085 ait
1033 2018 1125 2084 ‘bene
1144 2040 1183 2084 ac
1201 2018 1365 2103 sapienter

350 2109 443 2174 Maro
472 2113 584 2174 noster
611 2109 845 2174 tumultuosum
874 2115 909 2175 et
933 2110 1077 2175 sobrium
1101 2130 1164 2174 nno
1188 2108 1364 2195 eodemque

322 2216 447 2265 flueren
472 2198 643 2283 descripsit
666 2199 727 2262 sub
751 2220 928 2282 paucorum
951 2200 1124 2264 uerborum
1148 2197 1365 2263 inmutatione

348 2287 544 2353 conuiuium.
595 2309 671 2352 nam
705 2287 760 2352 ubi
794 2286 853 2353 snb
882 2291 1042 2372 apparatu
1070 2288 1161 2373 regio
1191 2288 1364 2371 procedere

347 2376 432 2440 solet
454 2375 548 2440 luxus
571 2374 612 2440 ad
635 2375 809 2459 strepitum

494 2496 680 2584 ‘postquam
703 2497 820 2583 prima'
844 2499 952 2584 inquit
975 2498 1077 2584 ‘quiea
1101 2496 1217 2583 epulis'

348 2625 473 2688 etcum
492 2622 607 2687 heroes
626 2623 795 2705 castigatis
815 2621 952 2706 dapibus
973 2622 1134 2707 adsidunt,
1152 2644 1217 2687 non
1236 2622 1364 2688 reducit

311 2729 337 2768 1⁰
351 2713 502 2796 quietem,
526 2711 601 2795 quia
623 2732 683 2775 nec
705 2710 883 2795 praecessit
908 2711 1075 2795 tumultus,
1098 2711 1154 2776 sod

552 2840 726 2920 postquam
752 2841 901 2921 exonrpta
923 2837 1026 2901 fames
1050 2836 1163 2920 epulis.

347 2964 498 3026 nostrum
521 2961 583 3025 hoo
607 2961 801 3042 conuiuium,
825 2961 910 3044 quod
933 2967 966 3025 et
989 2961 1109 3025 heroici
1133 2961 1252 3025 saeculi
1272 2959 1393 3045 puni-2

348 3048 459 3112 citiam
478 3053 512 3113 et
534 3048 638 3113 nostri
661 3047 816 3112 conduxit
838 3047 1041 3132 elegantium,
1065 3048 1099 3110 in
1122 3070 1185 3131 qno
1209 3048 1362 3131 splendor

349 3134 477 3201 sobrius
509 3141 542 3200 et
574 3135 713 3221 diligens
747 3135 959 3219 parsimonia,
992 3136 1176 3220 Agatlronis
1209 3136 1360 3200 conuiuio

309 3224 399 3288 rsuel
436 3228 513 3308 post
548 3224 858 3309 magniloquentiam
893 3223 1040 3290 Platonis
1073 3246 1136 3289 non
1170 3246 1362 3308 componere

348 3317 477 3378 tantum
501 3312 555 3377 sed
579 3334 638 3377 nec
663 3313 822 3397 praeferre
846 3312 1072 3378 dubitauerim.
1111 3335 1188 3376 nam
1211 3312 1282 3396 ipss
1306 3311 1393 3376 rex3

349 3423 480 3468 mensae
499 3424 559 3467 neo
577 3402 610 3466 in
631 3403 774 3468 moribus
794 3400 926 3468 Socrate
946 3404 1051 3467 minor
1070 3401 1155 3466 etin
1175 3424 1209 3466 re
1228 3401 1360 3486 publicu

347 3489 545 3575 philosopho
570 3490 746 3575 efficacior,
768 3492 876 3575 ceteri,
900 3492 956 3576 qui
980 3491 1109 3575 adestis,
1133 3490 1364 3556 eminentiores

350 3580 428 3643 estis
457 3580 496 3643 ad
526 3579 633 3644 studia
659 3580 829 3661 uirtutum,
857 3602 954 3664 qnam
981 3583 1019 3644 nt
1046 3581 1151 3663 poetis
1174 3579 1307 3645 comicis
1332 3584 1365 3643 et

308 3684 336 3724 ¹0
352 3665 528 3754 Alcibiadi,
555 3667 609 3752 qui
638 3670 765 3732 tantum
793 3668 856 3733 fuit
879 3668 972 3734 fortis
996 3668 1036 3732 ad
1059 3667 1195 3732 crimina
1219 3667 1365 3751 aliisque,

358 3783 562 3792 --——----

419 3847 436 3897 8
455 3844 525 3896 Aen.
544 3843 557 3896 I
576 3847 627 3898 ‘128
684 3847 715 3895 11
736 3841 805 3896 Aen.
828 3841 838 3896 l
857 3848 909 3897 216

348 3944 421 3952 -α
431 3945 463 3951 ...-
492 3946 515 3951 ...
528 3945 562 3952 --

419 4007 434 4054 2
454 3998 607 4056 mimiculrl
623 4000 745 4071 posculls
760 3999 795 4057 B'
874 4009 891 4056 3
910 4018 943 4056 ac
962 4007 986 4057 et
1006 4000 1034 4055 lu
1051 4002 1083 4056 irs
1101 4001 1240 4069 sapienter
1259 4003 1290 4056 ia
1308 4017 1364 4056 rus.

346 4073 379 4126 in
397 4071 426 4125 Ρ
476 4078 569 4127 tuna
587 4068 621 4126 H
678 4073 948 4128 trmmutatioueP
1000 4070 1368 4144 eneroeqeresugranre

348 4142 474 4198 adlrdnm
494 4141 529 4200 Η
591 4150 622 4197 11
643 4150 755 4200 exemta
774 4141 809 4201 B'
869 4142 1363 4214 1aqus—20alcrprsd1(ituB)

348 4232 397 4285 qm
420 4217 483 4270 tant
504 4217 603 4287 (cetera
625 4217 755 4274 accubuo·
774 4233 845 4288 pure
867 4221 966 4273 resecto
984 4218 1109 4287 risurqiuc
1124 4217 1221 4288 periit)
1240 4216 1298 4272 add
1315 4216 1365 4270 Bm
