3322 5190
254 101 321 169 210
634 99 711 157 sau
730 99 888 156 u1aa1n1

253 265 332 351 ipsi
360 264 543 331 consules
570 264 832 349 pertulerunt,
860 285 942 331 curn
965 284 1026 330 res
1049 263 1205 349 publica
1229 285 1271 328 er

253 353 411 420 luxuria
428 352 700 420 conuiuiorum
719 352 868 418 maiora
886 372 998 437 quam
1017 352 1120 418 credi
1166 355 1272 418 otest

252 442 488 510 detrimenta
502 444 717 527 pateretur,
735 442 768 507 si
781 440 934 528 quidem
948 461 990 506 eo
1005 461 1066 507 res
1084 375 1271 524 reiierat,

252 534 294 598 ut
320 531 411 618 gula
439 531 578 597 inlecti
606 530 783 616 plerique
806 529 967 617 ingenui
989 529 1101 614 pueri
1123 529 1271 615 pudici·

252 620 346 687 tiam
366 622 405 686 et
426 619 655 686 libertatem
677 640 784 685 suam
808 618 1071 703 uenditarent,
1093 617 1272 705 plerique
1299 641 1312 681 a

253 730 296 774 ex
331 707 446 812 plebe
478 707 650 774 Romana
687 706 777 773 uino
813 706 958 772 madidi
993 706 1033 773 in
1070 706 1271 772 comitium

252 800 433 863 uenirent
450 800 488 861 et
511 796 611 861 ebrii
633 795 678 861 de
700 796 757 860 rci
780 794 960 881 publicae
982 794 1113 860 salute
1135 816 1271 861 consu·

222 886 391 952 blerent
423 884 504 951 hacc
523 882 757 951 Sammonicus.
788 883 934 951 Fanniae
953 888 1062 950 autern
1081 883 1166 970 legis
1184 906 1273 949 seue·

252 975 334 1041 ritas
362 976 397 1040 iu
420 995 458 1039 ec
482 973 660 1059 superabat
681 973 836 1039 Orchiam
860 973 981 1059 legem,
1011 972 1099 1058 quod
1121 973 1156 1038 iu
1179 995 1271 1059 supe·

252 1065 339 1130 riorc
368 1085 521 1129 uumerus
551 1067 679 1128 tentum
709 1063 805 1129 modo
834 1062 1019 1129 cenantium
1050 1061 1273 1148 cohibebatur,
1287 1088 1314 1126 ιο

252 1152 435 1236 licebatque
462 1150 637 1216 secundum
664 1172 736 1216 eam
763 1152 822 1217 uni
849 1151 966 1235 cuique
995 1150 1083 1217 bona
1105 1173 1165 1216 sua
1186 1152 1273 1217 inter

253 1261 374 1327 paucos
412 1260 614 1320 consumere,
649 1238 776 1305 Fannia
813 1243 921 1306 autem
955 1239 1053 1304 etiam
1086 1241 1271 1325 sumptibus

254 1328 384 1395 modum
404 1327 483 1394 fecit
501 1329 656 1394 assibus
676 1335 842 1411 centum,
861 1328 945 1394 uude
963 1350 983 1394 a
1000 1328 1154 1395 Lucilio
1174 1336 1273 1415 pocta

254 1416 443 1484 iestiuitatis
467 1440 546 1483 suae
569 1440 659 1484 more
682 1419 876 1484 centussis
900 1422 1044 1484 uocatur.

223 1506 245 1573 6
344 1505 502 1573 Fanniam
536 1508 643 1593 legem
676 1512 753 1593 post
782 1529 886 1573 anuos
916 1507 1025 1573 decem
1055 1511 1088 1573 et
1118 1517 1191 1574 octo
1221 1509 1273 1574 lex
1288 1530 1313 1571 ra

254 1594 370 1661 Didia
388 1599 562 1661 consecuta
580 1598 638 1660 est
684 1597 752 1660 cios
771 1594 927 1660 ferundae
946 1595 1066 1680 duplex
1085 1595 1148 1660 fuit
1166 1619 1273 1681 causa,

199 1693 201 1700 '
253 1684 360 1767 prima
384 1686 418 1747 et
441 1683 614 1767 potissima
636 1691 674 1746 ut
696 1683 849 1747 uniuersa
870 1682 981 1764 Italia,
1004 1704 1070 1747 non
1093 1685 1163 1748 sola
1186 1684 1273 1768 urbs,

252 1770 325 1856 lege
344 1771 548 1854 sumptuaria
565 1773 738 1853 teneretur,
760 1768 886 1833 Italicis
909 1770 1171 1835 existimantibus
1191 1770 1272 1837 Fan-

254 1858 343 1923 niam
361 1858 467 1943 legem
487 1879 552 1922 non
571 1859 605 1922 in
625 1879 660 1923 se
679 1855 788 1922 sedin
811 1858 901 1922 solos
923 1857 1067 1923 urbanos
1091 1859 1178 1923 ciues
1201 1880 1273 1924 esse

254 1946 488 2032 conscriptem5
516 1945 630 2012 deiude
660 1949 698 2011 ut
720 1967 786 2011 nou
809 1946 871 2010 soli
895 1945 951 2031 qui
974 1945 1113 2030 prandia
1135 1968 1273 2014 cenaene
1287 1970 1313 2008 ro

254 2036 378 2102 maiore
397 2041 529 2122 sumptu
549 2034 712 2122 iecissent,
734 2035 791 2101 sed
811 2036 911 2101 ctiam
930 2034 984 2120 qui
1004 2035 1044 2101 ud
1064 2057 1119 2103 eas
1139 2037 1272 2104 uocitati

254 2130 363 2193 essent
390 2129 488 2212 atque
512 2125 644 2192 omnino
669 2126 907 2210 interfuissent,
940 2126 1053 2212 poenis
1077 2128 1159 2214 legis
1183 2133 1272 2195 tene

254 2219 377 2282 rentur.

226 2303 243 2366 7
345 2302 428 2368 Post
449 2301 581 2368 Didiam
604 2302 755 2369 Licinia
778 2305 830 2369 lex
853 2304 923 2369 laia
946 2309 997 2368 est
1019 2325 1039 2369 a
1061 2302 1096 2369 P.
1119 2303 1270 2371 Licinio

255 2388 397 2458 Orasso
415 2391 564 2478 Diuite,
585 2392 677 2457 euius
695 2391 848 2458 ferundae
866 2391 1118 2476 probandaeque
1142 2396 1270 2458 tantum
1284 2419 1312 2460 aa

255 2477 397 2545 studium
430 2480 472 2545 ab
505 2479 719 2567 optimatibus
748 2481 930 2565 impensum
960 2483 1024 2564 est,
1056 2484 1093 2546 ut
1122 2483 1270 2548 consulto

255 2573 389 2634 senatus
421 2569 600 2650 iuberetur,
636 2573 673 2634 ut
705 2591 744 2635 ea
775 2573 901 2636 tantum
935 2568 1031 2634 modo
1063 2572 1272 2658 promulgata

326 2761 361 2817 ci.
377 2760 416 2816 lv
436 2767 469 2816 lt
489 2763 555 2817 Luc.
575 2762 704 2818 Muelleri

256 2872 294 2881 1-
298 2873 338 2880 u·
353 2873 468 2880 ...σω-...-

327 2945 340 2993 1
371 2940 499 2994 consules
522 2939 558 2993 B‘
677 2939 700 2995 b
727 2940 838 2995 luxuria
865 2941 893 2994 B
1002 2946 1018 2994 3
1044 2941 1209 3011 poterentur
1233 2940 1269 2996 R

253 3014 271 3063 4
294 3008 383 3065 illecta
406 3011 453 3066 bP
541 3016 556 3065 ‘1
581 3010 678 3066 hebrea
702 3008 737 3066 B'
829 3017 846 3067 8
869 3009 939 3065 baec
963 3012 1150 3066 fammourcus
1169 3028 1220 3067 orn.
1243 3013 1271 3067 P

253 3077 382 3136 lameB'
433 3082 494 3135 tle
517 3096 629 3137 emcm.
652 3083 679 3136 P
730 3088 761 3137 10
780 3085 940 3154 cqrreulrum
959 3083 986 3136 P
1037 3089 1067 3137 12
1083 3082 1222 3137 rumobus
1232 3081 1267 3138 B'

254 3158 288 3206 1o
307 3152 479 3221 consequuta
629 3154 762 3209 ferendae
783 3154 952 3227 1’,serundq
971 3156 1007 3220 B,
1025 3171 1112 3223 capra
1131 3171 1149 3207 u
1168 3153 1233 3210 odd.
1254 3173 1269 3210 e

251 3259 316 3312 rub
407 3258 491 3313 caula
513 3259 568 3312 furt
586 3259 620 3326 P,
642 3259 698 3313 furt
716 3259 770 3312 furt
788 3259 869 3314 caulo
887 3260 921 3313 B
1014 3267 1047 3315 18
1066 3227 1212 3330 ΐιιῗιῐιιιιιιιι
1231 3261 1268 3327 Β,

252 3329 415 3384 situanab
465 3335 500 3384 20
519 3330 635 3402 cpuasue
653 3330 681 3384 P
729 3335 763 3384 al
779 3330 900 3385 marorel
913 3336 945 3386 ut
963 3326 1073 3387 eiw'
1124 3330 1267 3385 sumtuB‘

251 3405 324 3526 {gp
342 3399 387 3453 mi
403 3400 438 3525 {²⁶
457 3403 607 3526 septnggga
608 3401 649 3525 1?
699 3400 882 3470 apublroB:
903 3402 976 3472 opud
991 3401 1049 3456 blro
1064 3402 1100 3455 P‘
1157 3404 1268 3458 Lacinio
