3322 5190
733 836 772 895 lll
791 842 879 894 t-lt
1249 841 1313 906 143

305 998 414 1064 dixerit
444 998 601 1085 Pompeio
634 1020 726 1064 caue
759 999 834 1065 tibi
869 998 981 1065 illum
1020 1022 1179 1085 puerum
1217 1002 1316 1066 male

304 1087 570 1174 praecinctum.
606 1086 722 1153 deinde
746 1109 819 1153 cum
839 1088 996 1154 Laberius
1021 1090 1055 1154 in
1079 1090 1142 1155 fine
1165 1088 1313 1156 ludorum
1327 1093 1370 1157 10

306 1177 393 1242 anulo
408 1198 507 1242 aureo
522 1176 703 1243 honoratus
718 1200 738 1242 a
752 1175 892 1244 Caesare
908 1199 925 1243 e
939 1178 1079 1265 uestigio
1098 1179 1131 1242 in
1147 1181 1313 1264 quattuor·

306 1265 400 1330 decim
423 1264 465 1331 ad
488 1266 700 1351 spectandum
724 1265 871 1348 transiit,
894 1267 1016 1332 uiolato
1040 1268 1161 1349 ordine,
1185 1270 1315 1333 etcum

286 1353 493 1419 sdetrectatus
517 1357 567 1420 est
585 1376 684 1439 eques
703 1353 871 1420 Romanus
895 1358 928 1419 ct
951 1356 1130 1420 comminus
1152 1356 1316 1440 remissus,

306 1441 345 1505 ait
375 1440 489 1508 Cicero
524 1442 744 1527 praetereunti
777 1442 915 1508 Laberio
950 1447 983 1507 et
1014 1443 1114 1508 sedile
1147 1445 1315 1529 quaerenti

305 1531 1315 1705 llllttzsstdtlltitt⁵,tttll⁰ld„3¹‚mltd

307 1728 465 1772 ramerum
498 1706 619 1773 Caesar
655 1730 754 1793 supra
791 1708 842 1774 fas
879 1710 1023 1774 auxerat.
1077 1730 1137 1773 nec
1174 1709 1315 1794 impune.

280 1796 465 1883 urespondit
486 1797 572 1864 euim
590 1796 749 1864 Laberius
773 1798 923 1884 mirum,
945 1797 980 1863 si
1004 1802 1168 1883 augusta
1191 1799 1316 1883 sedes,

308 1887 360 1971 qui
383 1886 489 1952 soles
508 1886 655 1953 duabus
680 1887 791 1954 sellis
811 1887 947 1953 sedere
966 1887 1163 1974 exprobrata
1182 1888 1315 1954 leuitate

308 1974 475 2059 Ciceronis,
504 1999 567 2062 qua
589 1976 743 2043 inmerito
766 1978 909 2061 optimus
933 1976 1014 2042 ciuis
1044 1978 1130 2042 male
1153 1977 1314 2042 audiebat.

307 2063 381 2130 idem
407 2063 522 2130 Cicero
555 2066 636 2131 alias
668 2065 861 2131 facilitatem
890 2064 1039 2130 Caesaris
1071 2064 1106 2129 iu
1135 2066 1313 2152 adlegendo
1328 2069 1365 2133 ll

308 2157 409 2218 senatu
446 2153 554 2217 inrisit
589 2154 707 2237 palam.
770 2151 857 2218 Nam
895 2176 968 2218 eum
1006 2154 1047 2217 ab
1086 2153 1216 2238 hospite
1254 2176 1313 2218 suo

279 2261 298 2301 a
309 2239 339 2304 P.
362 2240 476 2306 llallio
502 2246 688 2326 rogaretur,
721 2245 758 2306 ut
785 2241 1029 2306 decurionatum
1063 2241 1214 2325 priuigno
1244 2241 1313 2306 eius

310 2329 465 2412 expediret
483 2328 661 2394 adsistente
685 2329 877 2415 frequentia,
899 2329 980 2393 dixit
1003 2328 1159 2411 Itomae,
1183 2330 1215 2393 si
1238 2329 1315 2414 uis,

311 2414 471 2500 habebit,
499 2417 677 2503 Pompeis
710 2417 879 2483 difficile
912 2420 979 2482 cst.
1032 2438 1092 2482 nec
1119 2417 1206 2481 iutra
1233 2417 1313 2482 haee
1326 2424 1367 2488 12

311 2504 367 2571 eius
398 2504 595 2572 mordacitas
628 2506 732 2573 stetit:
767 2507 886 2592 quippe
918 2506 959 2570 ab
987 2505 1141 2570 Androne
1173 2506 1313 2590 quodam

310 2591 478 2661 laodiceno
501 2595 672 2677 salutatus,
695 2617 767 2660 eum
792 2616 922 2660 caueam
947 2594 1106 2659 aduentus
1125 2594 1315 2678 requisisset

281 2683 570 2769 aeomperissetque
597 2721 640 2731 -
667 2705 741 2749 nam
771 2683 827 2747 ille
854 2704 888 2747 se
917 2683 1061 2768 legatum
1090 2681 1130 2747 de
1162 2683 1314 2748 libertate

312 2773 423 2851 patriae
444 2772 483 2836 ad
502 2769 676 2838 Gaesarem
695 2772 824 2836 uenisse
842 2771 1009 2856 respoudit
1027 2808 1067 2819 —
1088 2772 1135 2837 ita
1153 2773 1315 2857 expressit

312 2860 461 2939 publicam
497 2861 687 2926 seruitutem
724 2857 782 2924 ἐὰν
815 2856 986 2946 ἐπιτύχῃς,
1022 2857 1078 2924 καὶ
1109 2857 1186 2947 περὶ
1218 2861 1313 2946 ἡμῶν

311 2946 512 3035 πρέσβευσον.
545 2950 577 3015 si
593 2948 826 3030 obtinueris,
840 2952 878 3014 et
896 2972 965 3035 pro
979 2949 1092 3015 nobis
1106 2949 1313 3017 iutcresdc.

387 3038 531 3127 Vigebat
552 3039 587 3105 iu
606 3063 643 3106 co
663 3038 819 3105 excedens
843 3040 932 3105 iocus
951 3041 984 3104 et
1003 3039 1089 3105 scria
1107 3040 1367 3126 nrorducitas,13

282 3131 341 3194 aut
359 3130 420 3198 hoe
443 3134 494 3197 est
521 3153 560 3197 ex
586 3130 726 3218 epistula
744 3130 784 3196 ad
804 3129 839 3197 O.
858 3130 1006 3198 Cassium
1026 3130 1193 3197 dictatoris
1211 3131 1314 3198 uiola·

312 3221 402 3286 torem
444 3220 583 3286 uellem
624 3219 757 3286 Idibus
799 3219 954 3285 Martiis
997 3243 1054 3286 me
1096 3220 1139 3286 ad
1182 3244 1313 3287 cenam

311 3308 527 3393 inuitasses,
554 3310 730 3393 profecto
760 3309 1014 3393 reliquiarum
1038 3309 1138 3374 nihil
1164 3309 1313 3375 fuisset.

310 3415 403 3464 nano
439 3419 498 3462 me
533 3397 724 3482 reliquiae
761 3400 930 3461 uestrae
967 3401 1174 3462 exercent.
1229 3398 1313 3464 idem

311 3481 409 3553 Cicero
442 3486 483 3551 de
513 3485 633 3553 Pisone
665 3506 784 3571 genero
817 3488 851 3550 et
882 3484 925 3551 M.
958 3486 1081 3570 Lepido
1115 3486 1314 3571 lepidissime

281 3575 470 3641 cauillatus
494 3573 564 3639 est’

370 3783 516 3838 ldrxerat
533 3781 570 3837 P‘
614 3787 681 3836 tm
699 3780 900 3850 quattuordecf
914 3783 947 3837 ia
963 3798 1019 3838 ras.
1035 3784 1067 3838 ἐκ
1083 3784 1112 3838 Ρ
1155 3787 1200 3837 ts
1238 3783 1315 3838 atan-

308 3849 364 3907 dum
383 3853 634 3920 ecamensis:
653 3853 857 3920 expectandum
877 3852 940 3906 BP
1022 3798 1236 3909 crrrrrasallje
1299 3860 1315 3909 ⁶

307 3920 477 3998 dtraclaltuf
491 3923 527 3980 B'
588 3922 693 3993 aalma!
710 3922 739 3977 P
793 3923 858 3977 'lte
876 3924 908 3977 in
925 3940 981 3979 rus.
1001 3924 1033 3979 fa
1053 3925 1081 3979 Ρ
1139 3928 1172 3978 12
1193 3940 1315 3980 cicerem

308 3993 331 4048 P
401 3999 542 4051 immerito
564 3994 627 4079 Ρ,
662 3993 782 4049 crnefB
852 3993 985 4049 audierat
1005 3991 1043 4049 P'
1119 4000 1152 4049 lt
1170 3995 1267 4079 patho
1287 3997 1315 4050 Β

307 4066 644 4194 Ιῐὶιη-ΰ-ιειῖιῗὲτὲἕᾶὲιῖἧηῇ
689 4071 725 4192 lal
741 4064 890 4193 pppqpeppf
905 4067 955 4192 Ile
975 4066 1168 4209 eilstilidgll’
1183 4068 1315 4209 Bgaruiii

306 4209 357 4265 BP
410 4216 445 4265 27
464 4209 599 4281 profestis
614 4210 642 4264 P
693 4213 728 4262 29
748 4224 840 4264 marco
860 4209 914 4263 PB
