3322 5190
310 771 374 837 176
696 772 772 828 Sd'l'.
791 772 888 828 Lllllll
907 774 946 828 lll

476 939 510 999 et
532 936 658 1000 intacta
680 935 815 1000 totidem
839 935 964 1000 ceruice
988 936 1150 1000 iuuencos.

277 1058 441 1124 beximii
461 1080 587 1144 quoque
606 1060 640 1124 in
659 1058 825 1124 sacrificiis
849 1059 1044 1123 uocabulum
1067 1081 1133 1124 non
1158 1061 1316 1145 poeticum

307 1144 464 1212 ἐπίθετον
483 1149 538 1212 sed
558 1148 759 1213 sacerdotale
779 1170 896 1211 nomen
921 1155 979 1213 est.
1028 1147 1208 1215 Vanamvs
1233 1150 1319 1214 euim

308 1234 341 1300 in
384 1235 679 1303 Pourrmcanmvs
717 1253 994 1317 erasmomuvs
1036 1237 1142 1318 docet,
1185 1240 1319 1304 eximias

307 1325 410 1390 dictas
429 1326 563 1404 hostias,
587 1349 669 1411 quae
693 1327 734 1391 ad
757 1327 950 1390 sacrificium
974 1328 1154 1391 destinatae
1177 1327 1317 1393 eriman·
1346 1352 1360 1391 a

307 1417 362 1479 tur
385 1435 403 1478 e
426 1436 539 1499 grege,
563 1416 613 1478 uel
638 1415 723 1498 quod
746 1416 865 1479 eximia
888 1415 994 1499 specie
1019 1416 1113 1499 quasi
1137 1416 1319 1482 offerendae

306 1503 495 1566 numinibus
519 1503 690 1585 eligantur.
736 1503 813 1566 hinc
836 1504 883 1565 ait

353 1631 509 1710 quattuor
532 1626 667 1690 eximios
691 1624 873 1709 praestanti
897 1646 1030 1708 corpore
1053 1629 1167 1690 tauros

308 1749 364 1813 ubi
389 1748 473 1833 qnod
499 1749 682 1813 eximuntur
705 1748 879 1828 eximios,
910 1749 996 1832 quod
1021 1748 1187 1833 eliguntur
1211 1771 1320 1832 prae-

279 1837 434 1902 lstanti
465 1858 625 1920 corpore
656 1837 791 1900 dicendo
823 1837 1026 1902 monstrauit
1081 1839 1359 1902 ambarualisro

307 1924 439 1990 hostia
459 1930 518 1987 eat
540 1931 577 1988 ut
599 1925 646 1988 ait
666 1924 843 1989 Pourmvs
864 1924 998 1989 Fusrvs
1023 1946 1117 2008 quae
1141 1927 1196 1988 rei
1221 1926 1318 1989 diui-

308 2035 379 2079 nae
398 2036 514 2079 causa
538 2014 680 2078 circum
705 2035 796 2078 arua
818 2013 973 2078 ducitur
997 2015 1043 2077 ab
1068 2013 1141 2097 bis,
1164 2013 1228 2099 qui
1253 2037 1319 2098 pro

309 2104 489 2189 frugibus
526 2103 685 2167 faciunt
744 2103 839 2168 buius
873 2103 1019 2168 sacrificii
1054 2104 1251 2168 sarritionem
1286 2106 1319 2169 in

308 2191 472 2259 Bucolicis
496 2193 611 2278 habet,
636 2191 691 2256 ubi
714 2191 753 2257 de
777 2192 947 2276 apotheosi
971 2192 1153 2276 Daphnidis
1177 2194 1320 2277 loquitur

354 2317 435 2382 haec
458 2317 520 2380 tibi
544 2337 670 2399 semper
693 2323 789 2380 eruut
811 2322 844 2380 et
867 2338 938 2380 cum
963 2315 1131 2380 sollemnia
1158 2322 1234 2381 uota
1334 2342 1359 2381 u

356 2405 527 2469 reddemus
550 2403 704 2487 nymphia
727 2408 855 2468 etcum
881 2403 1092 2468 lustrabimus
1116 2426 1214 2489 agros

310 2529 366 2594 ubi
381 2529 550 2593 lustrare
566 2528 731 2612 siguificat
744 2528 960 2611 circumire,
979 2527 1055 2591 hinc
1070 2528 1156 2591 enim
1170 2529 1321 2593 uidelicet

310 2622 344 2683 et
361 2639 479 2681 nomeu
504 2617 631 2680 hostiae
655 2617 851 2699 adquisitum
877 2622 935 2696 est,
959 2617 1000 2678 ab
1024 2617 1201 2681 ambiendis
1225 2617 1321 2700 aruis,

312 2707 368 2771 sed
392 2713 426 2770 et
448 2708 483 2770 in
507 2702 740 2789 Georgicorum
767 2706 850 2768 libro
874 2705 978 2788 primo

354 2834 466 2914 terque
490 2851 593 2894 nouos
618 2829 737 2893 circum
763 2829 840 2893 felix
864 2833 918 2893 ent
939 2829 1048 2893 hostia
1072 2829 1190 2914 fruges.
1334 2858 1360 2894 ao

281 2955 520 3018 80bseruatum
549 2957 599 3017 est
627 2976 647 3017 a
673 2953 931 3017 sacrificantibus
961 2958 1009 3035 ut,
1038 2955 1065 3017 si
1088 2953 1210 3036 hostia,
1238 2975 1320 3036 quae

312 3043 440 3107 aduras
460 3043 637 3121 duceretur,
656 3041 773 3104 luisset
791 3041 1012 3104 uehementius
1032 3042 1195 3121 reluctata,
1214 3047 1321 3104 osteu-

312 3131 475 3214 dissetqua
500 3152 533 3193 sc
558 3131 695 3193 inuitam
720 3129 876 3193 altaribus
901 3130 1081 3213 admoueri,
1104 3136 1319 3212 amoneretur,

312 3219 389 3303 quia
420 3219 523 3282 inuito
556 3218 616 3282 deo
648 3218 755 3281 offerri
784 3240 854 3281 earn
884 3219 1051 3299 putabant.
1097 3240 1178 3301 quae
1211 3223 1319 3280 autem

312 3306 457 3371 stetisset
474 3307 595 3389 oblata,
613 3307 696 3371 hanc
715 3307 839 3369 uolenti
858 3307 982 3369 numini
1001 3306 1070 3369 dari
1090 3307 1318 3370 acatiuralrant.
1334 3332 1359 3371 aa

311 3396 386 3460 hinc
409 3400 519 3459 noster

384 3604 397 3650 1
418 3595 517 3665 Georg.
538 3596 588 3649 llll
609 3601 669 3649 540.
689 3600 738 3650 ⁶51
787 3602 802 3649 8
822 3595 859 3650 ib.
879 3595 931 3647 llll
950 3600 1009 3650 588.
1029 3601 1080 3649 550
1127 3601 1161 3648 20
1180 3595 1217 3649 ib.
1236 3596 1248 3648 l
1268 3602 1320 3649 3⁴5

383 3785 524 3836 lrutucto
543 3779 577 3835 B'
634 3783 835 3838 3ΕΠΙΤΕῘοΝ
857 3783 883 3834 Β
938 3778 1109 3834 ueratrulB'
1165 3785 1319 3833 bexuuun-

310 3856 357 3906 tur
377 3854 411 3920 P,
430 3856 526 3907 deiude
545 3872 577 3908 ex
597 3871 661 3923 rege
684 3850 720 3906 P‘
794 3855 875 3905 'lluc
895 3853 923 3905 P
990 3861 1018 3905 11
1041 3869 1097 3919 qua
1117 3850 1150 3903 B'
1221 3857 1320 3919 ltlm

310 3923 448 3978 bucclrcrl
459 3956 491 3964 —-
511 3934 541 3978 14
563 3925 643 3996 loqil
664 3927 695 3978 iu
712 3943 766 3979 ros.
787 3927 817 3977 in
840 3925 865 3975 P
935 3930 965 3976 14
985 3922 1109 3976 dulmdrs
1125 3923 1152 3976 B
1219 3931 1248 3975 lo
1268 3921 1320 3975 lol-

310 3994 452 4065 lepnraP
518 4003 551 4050 16
570 3995 693 4065 nunpbrl'
709 3997 736 4050 P
799 4000 830 4048 18
851 3994 956 4049 bostrae
976 3995 1029 4048 bP:
1050 3994 1174 4046 babdrB
1240 4001 1271 4046 19
1292 3995 1321 4047 et

310 4082 361 4122 om.
380 4068 408 4122 B
472 4074 505 4121 22
526 4067 721 4123 uebcmentml
736 4069 845 4122 retenta
863 4068 891 4120 P
953 4073 987 4121 23
1007 4064 1150 4120 adtulrbul
1168 4065 1203 4133 P,
1223 4066 1322 4121 (triade

311 4137 457 4194 admauorr
476 4137 512 4193 P'
568 4146 745 4195 amoneretur
764 4157 815 4194 om.
834 4139 861 4192 P
