3442 5190
781 877 807 932 11
826 882 913 934 ι-ιι
1288 877 1355 943 589
1412 827 1414 832 ·

340 1038 504 1123 usquead
532 1039 605 1104 oolo
627 1037 776 1104 soliditas
804 1042 855 1105 est
876 1037 1034 1125 eorporis,
1056 1037 1130 1104 ideo
1157 1038 1243 1104 inter
1268 1039 1356 1124 prin·

341 1126 427 1211 oipia
441 1125 515 1192 huie
528 1147 662 1191 numero
677 1126 910 1211 plenitudinem
921 1125 1098 1212 deputarit
1125 1148 1212 1193 nuno
1226 1129 1358 1211 oportet

342 1236 381 1280 ex
404 1214 520 1299 imperi
549 1236 676 1317 quoque
700 1237 835 1281 numero
859 1237 955 1300 quem
979 1214 1020 1280 ad
1044 1214 1174 1280 modum
1203 1215 1289 1280 idem
1312 1214 1357 1281 ei·

344 1302 518 1390 dolatur,¹
509 1304 676 1388 inspicere.
722 1306 756 1368 et
783 1304 860 1390 quia
883 1308 951 1368 tam
974 1303 1063 1407 paris
1092 1325 1189 1389 qnam
1221 1303 1410 1388 imperiali

315 1391 469 1457 enumeri
503 1414 616 1457 monas
650 1391 743 1480 origo
777 1395 841 1477 est,
872 1392 1035 1458 ternarius
1064 1414 1217 1457 numerus
1249 1392 1358 1479 prima

343 1480 431 1546 linea
449 1502 519 1547 esse
537 1481 693 1547 credetur
739 1481 792 1547 hie
810 1481 996 1583 triplicatus
1015 1479 1225 1546 nouenarium
1244 1502 1356 1546 nume-

344 1591 418 1635 rum
439 1569 527 1653 fecit,
551 1570 605 1653 qui
629 1569 694 1635 et
684 1591 754 1654 rpse
778 1571 871 1656 quasi
894 1568 933 1634 de
957 1569 1083 1634 duabus
1101 1568 1197 1635 lineis
1219 1568 1356 1654 longum

344 1658 510 1742 latumque
537 1679 654 1742 eorpus
682 1658 795 1741 efficit,
823 1658 907 1723 sieut
929 1657 1170 1742 quaternarius¹
1198 1657 1357 1722 secundus

345 1745 384 1811 de
407 1747 548 1831 paribus,
567 1745 674 1812 elficit.
710 1745 788 1810 item
807 1747 1003 1812 noueuarius
1023 1745 1206 1831 triplicatus
1226 1744 1358 1810 tertiam

307 1856 333 1896 ιο
346 1834 579 1901 dimensionem
603 1837 758 1919 praestat
801 1839 834 1900 et
856 1834 904 1901 ita
926 1857 947 1900 a
968 1839 1061 1921 parte
1079 1835 1213 1920 imparis
1231 1833 1358 1900 numeri

345 1924 379 1989 in
406 1922 525 2010 uiginti
556 1926 695 2008 septem,
722 1945 804 2010 quae
833 1928 911 1990 aunt
937 1926 987 1990 ter
1009 1927 1104 1990 terna
1126 1928 1192 2009 ter,
1219 1923 1358 1989 solidum

345 2034 462 2098 corpus
491 2012 643 2097 eflicitur,
671 2012 756 2079 siout
783 2013 817 2077 in
845 2035 980 2079 numero
1010 2013 1084 2098 pari
1115 2013 1166 2078 bis
1194 2013 1272 2078 bina
1299 2011 1360 2096 bia,

346 2101 401 2187 qui
424 2105 475 2168 est
497 2103 697 2186 octonarius,
720 2101 917 2168 soliditatem
945 2104 1076 2167 creauit.
1122 2122 1201 2188 ergo
1229 2101 1270 2167 ad
1294 2101 1413 2170 effi-13

346 2189 494 2256 ciendum
522 2189 695 2275 utrobique
723 2190 861 2256 solidum
891 2212 1007 2276 eorpus
1036 2213 1150 2255 monas
1176 2189 1362 2256 necessaria

310 2281 412 2362 uest,
436 2282 470 2343 et
491 2300 548 2343 sex
572 2278 627 2342 alii
650 2280 776 2345 numeri
799 2278 831 2343 id
860 2282 911 2344 est
933 2279 1018 2344 terni
1042 2299 1062 2342 a
1083 2277 1155 2363 pari
1178 2281 1212 2344 et
1234 2276 1360 2362 impari,

350 2390 369 2433 a
396 2367 466 2453 pari
495 2367 623 2471 quidum
651 2367 714 2433 duo
742 2371 896 2454 quattuor
918 2371 1006 2449 octo,
1034 2367 1113 2432 ub
1090 2367 1221 2472 smpari
1252 2369 1360 2432 autem

349 2457 415 2522 trie
444 2477 560 2522 nouem
585 2457 703 2545 uiginti
728 2462 862 2543 septem.
906 2456 1097 2523 Timaeus
1088 2457 1150 2543 igit
1150 2478 1189 2521 ur
1135 2455 1360 2522 Platoms
1374 2459 1415 2527 14

349 2547 385 2611 in
408 2545 597 2612 fabricanda
615 2547 725 2612 mundi
746 2548 854 2614 anima
872 2545 1043 2613 eonsilium
1063 2544 1245 2613 diuinitatis
1264 2567 1362 2611 enun-

350 2637 437 2701 tians
466 2635 525 2719 ait,
498 2635 644 2700 tiliam
678 2658 735 2720 per
762 2637 822 2701 hos
849 2657 1001 2701 numeros
1033 2635 1137 2701 fuisse
1167 2638 1362 2718 contextam,

314 2743 342 2783 so
355 2725 411 2808 qui
430 2729 463 2789 et
486 2725 594 2808 aperi
613 2727 646 2788 et
631 2725 734 2789 tab
724 2747 841 2810 impari
832 2724 987 2809 cubum,
1009 2724 1042 2788 id
1061 2728 1110 2789 est
1127 2724 1360 2810 perfectionem

350 2812 534 2894 soliditatis,
553 2812 706 2894 efficiunt,
728 2834 792 2877 non
814 2813 888 2897 quia
912 2811 1034 2896 aliquid
1053 2812 1252 2895 significaret
1270 2811 1362 2875 illam

350 2899 468 2965 habere
479 2921 678 2984 corporeum,
692 2900 745 2964 sed
763 2903 800 2964 ut
810 2901 1171 2984 possituniueraitatem
1187 2899 1361 2965 animando

350 2991 518 3072 penetrare
533 2992 566 3052 et
576 2989 686 3053 mundi
701 2988 840 3055 solidum
852 3010 968 3073 eorpus
984 2989 1128 3073 implere,
1142 3009 1200 3073 per
1208 3008 1362 3053 numeros

352 3075 528 3141 soliditatis
557 3077 673 3143 effectu
706 3080 765 3145 est.
810 3099 896 3143 nune
923 3077 963 3141 ed
993 3076 1065 3161 ipsa
1087 3075 1236 3142 Platonis
1263 3077 1364 3141 uerba
1376 3080 1416 3146 lo

311 3182 337 3224 aa
351 3165 529 3230 ueniamus.
564 3186 641 3231 nam
659 3189 730 3232 oum
755 3167 794 3230 de
814 3166 873 3231 deo
893 3166 1033 3230 animam
1054 3165 1165 3230 mundi
1184 3164 1364 3229 lubricante

351 3253 548 3337 loqueretur,
576 3255 623 3318 ait
654 3255 814 3339 primam
846 3276 889 3318 ex
918 3254 1018 3318 oruni
1053 3253 1245 3319 fermento
1277 3273 1364 3336 par-

352 3343 426 3404 tem
453 3339 565 3404 tulit:
592 3341 683 3407 hino
705 3343 873 3426 sumpsit
900 3341 1054 3425 duplam
1082 3344 1231 3426 partem
1264 3339 1366 3423 prio-

351 3428 420 3509 ris,
466 3428 623 3494 tertiam
665 3451 756 3494 uero
804 3428 991 3495 secundae
1037 3427 1259 3493 hemioliam
1302 3428 1366 3492 sed

314 3516 1368 3690 ‚0tls?³3„llll²tntlu⁰tlsstmff“timi

354 3714 435 3758 mae
474 3695 669 3777 octuplam
702 3697 739 3759 et
776 3694 978 3779 septimam
1016 3693 1137 3759 uioies
1170 3693 1316 3778 septies
1348 3715 1368 3758 a

354 3782 478 3869 prima
510 3782 823 3868 multiplicatam
868 3785 958 3868 post
989 3782 1061 3848 hoo
1092 3782 1240 3868 spatia,
1272 3803 1368 3868 quae

428 3958 605 4016 tituenus
621 3958 650 4013 P
719 3960 811 4030 ttnp
813 3957 959 4015 ueaurP
1033 3963 1066 4014 lt
1086 3957 1203 4014 effierter
1222 3954 1261 4013 P'
1334 3961 1367 4014 17

355 4030 468 4099 tymeus
481 4030 510 4084 Β
592 4037 626 4088 18
643 4030 752 4085 iabrroa
769 3977 811 4085 13p
879 4033 913 4085 19
931 4029 1065 4085 contextu
1084 4028 1121 4085 P‘
1200 4034 1235 4084 20
1253 4046 1287 4097 ey
1288 4029 1326 4084 bu
1345 4030 1374 4084 P

356 4106 391 4156 tt
410 4101 542 4157 ammado
562 4101 600 4155 P'
678 4107 713 4156 tt
731 4102 895 4187 penetraret
911 4105 943 4157 at
962 4101 1020 4156 uid
1040 4096 1076 4154 P
1187 4098 1318 4154 numolol
1331 4095 1370 4156 P'

357 4177 391 4226 tt
410 4170 483 4226 hene
503 4172 529 4225 Β
583 4176 619 4226 tt
638 4168 810 4226 emrolraP'
865 4170 952 4226 setB
1006 4177 1038 4226 tl
1059 4186 1136 4242 ungue
1166 4170 1194 4225 Β
1249 4169 1371 4224 dimul-

357 4241 486 4312 trplroatu
503 4242 531 4296 Β
586 4242 639 4297 hoo
656 4257 707 4297 om.
727 4242 756 4296 B
