3322 5190
708 791 748 848 vl
765 795 871 848 as-ca
1232 793 1297 858 501

286 952 437 1018 humecto
469 952 568 1019 simili
598 954 632 1019 et
666 952 736 1038 igni
773 951 881 1018 calore
917 950 1074 1036 sociatum
1109 951 1195 1039 ignis
1232 955 1300 1018 aeri

287 1040 441 1107 miscetur
471 1045 508 1106 nt
539 1040 658 1124 calido,
688 1044 796 1106 terrae
833 1041 982 1126 iungitur
1017 1040 1176 1126 siccitate3
1212 1044 1300 1106 terra

287 1130 396 1215 ignem
416 1130 500 1196 sicco
518 1130 652 1215 patitur,
676 1150 794 1215 aquam
817 1129 939 1216 frigore
962 1151 1028 1194 non
1046 1128 1181 1215 respuit
1218 1129 1351 1196 hae028

289 1222 397 1284 tamen
411 1218 552 1284 uarietcs
567 1217 779 1302 uinculorum,
793 1217 821 1283 si
836 1219 996 1283 elementa
1008 1217 1072 1283 duo
1086 1216 1203 1302 forent,
1216 1217 1299 1282 nihil

261 1307 372 1373 sinter
394 1307 466 1392 ipsa
488 1307 654 1373 firmitatis
678 1306 858 1392 habuisset3
882 1307 1012 1394 sitris,
1039 1306 1145 1372 minus
1169 1305 1298 1392 quidem

289 1396 411 1480 ualido,
439 1397 549 1483 aliquo
577 1399 687 1463 tamen
716 1419 801 1462 nexu
833 1395 1005 1462 uincienda
1035 1395 1187 1481 nodaret,
1214 1397 1300 1462 inter

288 1489 441 1572 quattuor
472 1509 549 1554 uero
580 1486 765 1552 insolubilis
804 1487 982 1573 conligatio
1015 1489 1079 1567 est,
1111 1507 1185 1552 cum
1216 1485 1299 1552 duaa

289 1575 491 1641 summitates
521 1576 646 1642 duabus
679 1575 959 1641 interiectionibus
988 1575 1186 1660 uinciuntur‚
1213 1574 1299 1661 quod

288 1665 351 1730 erit
373 1664 590 1749 manifestius,
618 1664 646 1728 si
673 1664 707 1729 in
730 1664 837 1730 madio
865 1663 1069 1748 posuerimus
1097 1664 1202 1749 ipsam
1225 1685 1298 1729 con·

250 1775 274 1814 ro
289 1753 460 1819 tinentiam
474 1776 586 1819 sensus
601 1752 640 1819 do
650 1752 785 1819 Timaeo
802 1752 949 1818 Platonis
960 1755 1153 1838 excerptam.
1175 1750 1299 1818 diuini
1309 1751 1351 1817 29

288 1842 438 1908 stecoris
479 1843 586 1929 inquit
633 1842 737 1908 ratio
775 1840 1005 1927 postulabat
1049 1841 1166 1906 talem
1207 1840 1299 1906 fieri

288 1931 477 2016 mundum,
514 1932 578 2018 qui
615 1935 653 1996 et
682 1931 808 1996 uisum
840 1931 1041 2015 pateretur
1074 1932 1112 1994 et
1143 1931 1300 1995 tactum.

288 2021 493 2086 constabat
524 2024 667 2101 autem,
697 2040 819 2104 nequa
847 2017 971 2084 uideri
1006 2017 1154 2102 aliquid
1186 2039 1300 2102 posse

290 2105 372 2173 sine
393 2109 498 2209 ignis
526 2107 735 2191 beneficio,
763 2129 884 2191 nsque
912 2106 1024 2191 tangi
1051 2106 1133 2171 sine
1161 2104 1301 2188 solido,

250 2199 327 2260 aot
355 2195 520 2261 solidum
547 2195 647 2261 nihil
675 2216 759 2260 asse
790 2195 874 2261 sine
905 2198 1018 2260 terra
1059 2194 1158 2259 unde
1191 2194 1354 2260 omn030

290 2284 416 2350 mundi
437 2306 575 2370 corpus
595 2284 633 2349 da
652 2284 743 2371 igne
766 2286 800 2350 et
821 2286 925 2350 terra
955 2281 1163 2350 instituere
1180 2281 1300 2348 fabri·

290 2378 398 2440 cator
421 2374 615 2460 incipieus
638 2373 738 2439 uidit
755 2374 827 2440 duo
848 2373 1054 2440 conuenire
1074 2374 1155 2439 sinc
1175 2371 1299 2439 medio

291 2464 505 2552 colligante
524 2487 597 2531 non
617 2487 743 2551 posse,
762 2466 800 2530 ct
817 2464 890 2530 hoc
904 2487 989 2531 osse
1008 2463 1198 2550 optimum
1215 2464 1300 2529 uiu-

291 2553 430 2633 culum,
458 2555 556 2641 quod
580 2559 679 2621 etse
703 2554 853 2641 pariter
881 2558 919 2620 ct
941 2576 960 2619 u
984 2576 1026 2619 se
1054 2553 1214 2641 liganda
1237 2551 1300 2618 de·

251 2663 278 2703 ro
292 2644 454 2728 pinnini,
473 2667 583 2710 urnam
608 2666 697 2710 uero
721 2643 1036 2710 interiectionem
1064 2647 1154 2709 tunc
1177 2643 1300 2709 solum

292 2753 404 2815 posse
420 2733 618 2817 sufficere,
638 2755 718 2799 cum
739 2732 972 2817 superficies
988 2733 1070 2797 sine
1089 2731 1302 2798 altitudine

291 2820 496 2886 uincienda
520 2821 922 2905 eat‚atubia1·tanda
946 2821 1116 2886 uinculis
1139 2824 1198 2885 ast
1221 2820 1302 2884 alta

291 2906 493 2990 dimensio,
534 2907 672 2973 nodum
714 2908 793 2972 nisi
835 2909 987 2992 gemina
1026 2906 1301 2973 interiectione

291 3016 366 3060 non
411 2995 570 3060 conecti.
617 2995 703 3061 inde
754 3017 877 3062 aerem
927 3001 966 3061 et
1014 3017 1149 3080 aquam
1200 2994 1353 3059 inter3l

251 3083 417 3167 inignem
455 3087 672 3168 terramque
708 3083 924 3168 contexuit,
961 3085 998 3149 et
1033 3085 1089 3148 ita
1125 3103 1191 3168 per
1227 3103 1302 3146 om·

291 3171 354 3236 nia
391 3192 466 3235 una
502 3176 539 3237 et
581 3171 657 3237 sibi
694 3172 929 3238 conueniens
970 3172 1162 3259 iugabilis
1204 3192 1303 3236 com·

292 3258 466 3344 petentia
502 3260 676 3325 cucurrit
718 3261 995 3325 elementorum
1032 3259 1303 3324 diuersitatem

293 3348 379 3430 ipsa
424 3346 738 3413 differentiarum
781 3349 1022 3433 aequalitate
1064 3346 1303 3413 consocians.

292 3456 366 3498 nam
400 3438 556 3518 quantum
587 3435 725 3500 interest
752 3436 837 3500 inter
864 3457 983 3521 nquam
1013 3438 1045 3500 et
1072 3457 1179 3500 acrem
1207 3456 1304 3500 causa
1314 3436 1357 3501 32

365 3665 379 3712 1
399 3663 511 3715 umecto
530 3663 564 3729 P,
588 3662 718 3717 humecto
737 3679 765 3731 p,
788 3660 935 3718 lhumore
957 3658 1045 3732 supra
1063 3663 1128 3718 add.
1143 3679 1174 3733 p,
1193 3661 1305 3716 humec-

292 3730 339 3785 tos
353 3731 381 3784 Β
440 3731 568 3787 lrmrlrtcr
585 3734 614 3786 Β
673 3731 745 3804 lsi]
764 3732 802 3786 lrc
821 3733 849 3786 B
905 3731 982 3788 sorel
996 3729 1031 3787 B'
1088 3733 1260 3788 thabcrent
1276 3731 1305 3786 Β

292 3802 448 3870 'equatuor
469 3803 497 3856 P
548 3803 726 3872 conligatrelt
743 3801 791 3866 Ρ’,
814 3801 1026 3872 colligationem
1045 3819 1109 3858 oum
1127 3805 1156 3857 B
1209 3809 1305 3857 surn-

292 3872 393 3927 cuntur
432 3890 458 3926 m
478 3872 514 3927 Β
581 3878 613 3927 10
631 3874 719 3928 timeo
738 3872 791 3927 PB
854 3874 999 3943 exceptam
1019 3874 1047 3928 P
1105 3879 1137 3929 1³
1157 3872 1260 3942 aliquit
1276 3873 1304 3926 B

294 3947 325 3997 lo
345 3889 442 3996 mundi
462 3959 544 3997 omne
563 3944 590 3997 P
649 3941 874 4013 171ncrp1erP'
930 3943 1001 3999 dnof
1015 3945 1044 3999 Β
1099 3950 1133 3998 22
1152 3943 1195 4015 at]
1213 3941 1257 3998 Ad
1276 3942 1304 3996 Β

292 4018 326 4066 23
345 4015 383 4068 ud
400 4011 476 4067 nodi'r
497 4016 561 4070 cdd.
580 4017 594 4066 l
612 4015 707 4069 nondu
722 4031 745 4084 p
799 4018 834 4067 al
852 4017 980 4070 connecti
994 4013 1032 4069 P'
1082 4020 1117 4070 26
1136 4014 1305 4083 speonnam

292 4090 326 4138 21
350 4086 473 4208 οοὲυᾞὲ
490 4085 519 4139 Ρ
607 4090 640 4140 2⁹
664 4084 737 4139 Nam
760 4087 895 4154 quantum
917 4091 1028 4156 practer
1050 4086 1075 4141 N
1099 4086 1259 4143 tarasia
1277 4083 1305 4138 Β

329 4171 411 4208 caua
