3442 5190
659 842 711 897 Vll
729 847 835 898 ac-ar
863 842 929 897 Vlll
949 847 1018 897 1-c
1305 841 1349 905 37
1381 843 1384 850 ’

337 999 489 1067 Tullum
512 1000 726 1067 Hostilium
751 1025 832 1068 cam
861 1002 921 1068 bis
945 1001 989 1067 de
1012 999 1195 1084 Albanis,
1224 1001 1268 1066 de
1292 1000 1356 1068 Sa·

337 1089 440 1155 binis
459 1090 577 1156 tertio
596 1090 893 1177 triumphasset,
918 1091 1047 1157 inuenio
1074 1091 1203 1155 fanum
1223 1087 1355 1156 Satur-

336 1201 382 1243 no
414 1202 456 1245 ex
488 1182 578 1246 uoto
609 1182 903 1246 consecranisse
935 1184 974 1246 et
1006 1178 1232 1246 Saturnalia
1265 1182 1355 1246 tunc

338 1268 499 1353 primum
522 1268 662 1336 Itomae
691 1270 892 1354 instituta,
920 1271 1069 1355 quamuis
1093 1268 1219 1336 Vacuo
1243 1268 1354 1338 erao

310 1375 463 1443 censue,
491 1358 547 1444 qui
575 1362 626 1424 est
656 1377 704 1424 nn
733 1376 852 1427 escars
880 1377 1043 1443 sacrave,
1072 1360 1195 1424 scribat
1223 1359 1355 1425 aedem

338 1447 496 1513 Saturni
520 1447 566 1513 ad
586 1449 710 1515 forum
734 1449 952 1515 faciendam
971 1449 1122 1516 locasse
1139 1447 1175 1513 L.
1195 1447 1355 1533 Tarqui·

337 1537 440 1602 nium
465 1558 608 1624 regem,
636 1537 764 1605 Titum
792 1560 882 1606 uero
911 1537 1091 1604 Larcium
1121 1537 1355 1604 dictatorem

338 1625 613 1692 Saturnalibus
633 1650 714 1693 eam
734 1627 944 1693 dedicasse.
975 1648 1035 1693 nec
1053 1649 1106 1692 me
1124 1626 1210 1713 fugit
1228 1624 1355 1691 Genuu-

338 1733 388 1780 vn
411 1715 549 1781 scribere
573 1719 755 1782 senatum
779 1717 970 1800 decresse,
993 1719 1036 1781 ut
1059 1715 1171 1781 aedes
1195 1713 1357 1780 Saturni

301 1803 469 1888 retieret,
497 1806 607 1890 eique
634 1806 691 1870 rei
719 1804 754 1871 L.
777 1805 933 1872 Furium
963 1804 1160 1871 tribunum
1188 1803 1357 1869 militum

339 1894 567 1978 praefuisse.
622 1894 722 1959 habet
753 1918 844 1960 aram
878 1898 911 1960 et
943 1897 1019 1959 ante
1047 1892 1251 1960 Senacnlum.
1288 1892 1388 1959 illic2

339 1982 462 2047 Graeco
485 1983 552 2047 ritu
576 1985 684 2067 capite
703 1986 816 2067 aperto
840 2005 893 2047 res
913 1983 1024 2046 diuina
1047 1982 1093 2063 fit,
1117 1980 1194 2065 quia
1216 1980 1357 2065 primum

339 2092 359 2133 a
381 2070 543 2154 Pelasgis,
566 2075 643 2155 post
666 2070 707 2134 ab
731 2070 872 2135 Hercule
894 2069 943 2134 ita
965 2091 1037 2133 eam
1065 2090 1086 2133 a
1107 2069 1270 2152 principio
1293 2067 1357 2132 lac·

339 2157 468 2221 titatam
491 2160 617 2240 putant,
640 2156 770 2221 aedem
794 2179 870 2221 uere
890 2156 1050 2221 Saturni
1074 2155 1266 2219 aerarium
1284 2154 1387 2221 Ito-3

301 2244 441 2309 usmani
473 2265 558 2308 esse
590 2244 776 2328 uoluerunt,
803 2243 889 2329 quod
928 2247 1090 2327 tempere,
1122 2264 1185 2327 quo
1218 2240 1358 2307 incoluit

340 2331 485 2415 ltaliam,
516 2331 619 2397 fertur
651 2333 776 2397 nullum
809 2332 842 2396 in
875 2331 945 2396 eius
977 2331 1097 2397 finibus
1131 2330 1254 2396 furtum
1286 2351 1357 2396 esse

340 2421 564 2504 commissum,
592 2423 650 2486 aut
677 2422 753 2508 quia
781 2422 840 2487 sub
869 2421 926 2488 illo
956 2419 1038 2486 nihil
1067 2422 1139 2486 erat
1167 2419 1357 2504 cuiusquam

339 2511 502 2597 priuatum

417 2658 477 2703 nec
500 2635 629 2720 signare
653 2637 758 2703 solum
782 2637 840 2702 aut
861 2635 977 2721 partiri
1000 2635 1105 2701 limite
1129 2656 1281 2719 campum

302 2749 328 2788 ιι
416 2725 465 2790 fas
490 2727 575 2789 erat:
599 2725 632 2789 in
656 2725 798 2789 medium
821 2724 1036 2808 quaerebant,

340 2846 424 2914 ideo
448 2846 546 2931 apud
570 2867 652 2912 enm
676 2846 875 2911 locaretur
898 2846 1033 2931 pepuli
1060 2845 1230 2929 pecunia
1257 2865 1357 2909 com·

339 2935 475 3022 munis,
499 2934 568 3000 sub
593 2957 665 3020 quo
683 2934 855 2999 luissent
875 2934 1026 2999 cunctis
1050 2933 1233 2999 uniuersa
1257 2953 1356 2998 conr·

339 3024 475 3089 munia.
529 3023 610 3088 illud
641 3045 709 3089 non
741 3022 905 3088 omiserim
938 3022 1091 3087 Tritones
1124 3044 1199 3087 cum
1231 3020 1390 3091 bucinis4

339 3112 472 3200 lastigie
496 3109 629 3178 Saturni
652 3112 741 3179 aedis
770 3112 1008 3197 superpositos,
1037 3111 1192 3194 queniam
1220 3110 1263 3175 ab
1288 3110 1359 3174 eius

301 3223 326 3265 ιι
341 3203 647 3268 commemoratione
666 3202 706 3267 ad
729 3205 875 3267 nostram
895 3204 1038 3266 aetatem
1061 3200 1202 3265 historia
1221 3199 1312 3264 clara
1326 3200 1361 3263 et

340 3292 432 3375 quasi
459 3291 584 3356 uocalis
607 3294 672 3370 est,
700 3293 776 3354 ante
804 3311 881 3354 uero
912 3293 1003 3354 muta
1036 3291 1071 3353 et
1093 3288 1234 3353 obscura
1257 3290 1291 3352 et
1312 3285 1360 3350 iu·

340 3378 480 3464 cognita,
498 3378 584 3463 quod
603 3381 768 3443 testantur
787 3377 906 3442 caudae
925 3377 1099 3442 Tritonum
1118 3376 1211 3441 humi
1231 3395 1359 3439 mersae

339 3469 372 3530 et
394 3466 613 3532 absconditae.
659 3488 715 3531 cur
742 3469 851 3531 autem
879 3463 1039 3532 Saturnus
1068 3465 1138 3549 ipse
1166 3465 1201 3528 in
1230 3467 1390 3546 compe-5

339 3554 432 3620 dibus
459 3554 585 3619 uisatur
612 3552 767 3621 Vnnmvs
795 3553 955 3621 Fusocvs
984 3574 1118 3619 causam
1146 3574 1181 3618 se
1205 3553 1357 3638 ignorare

410 3733 443 3783 19
462 3729 546 3799 Verg.
562 3728 662 3799 Geerg.
682 3725 694 3779 I
715 3733 766 3782 lau

339 3830 549 3839 u——no-v-n

414 3888 481 3943 lde
499 3886 603 3944 lubrurl
618 3888 650 3942 tn
667 3903 724 3942 ras.
743 3888 775 3941 tn
796 3886 824 3941 P
895 3893 1027 3941 amnem
1047 3885 1075 3940 P
1145 3884 1286 3940 tlucram
1303 3883 1366 3938 BP

342 3968 357 4016 1
376 3958 527 4016 decreuisse
546 3959 579 4029 P,
599 3961 631 4012 al
648 3956 770 4013 decresse
787 3973 848 4027 sap.
869 3958 919 4013 lin.
939 3958 1003 4013 cdd.
1020 3973 1043 4026 p
1121 3959 1156 4010 1c
1175 3955 1280 4009 lucrum
1298 3954 1363 4009 BP

342 4063 373 4111 11
391 4048 478 4127 gralo
496 4056 524 4110 B
610 4056 648 4111 cd
666 4056 765 4125 aperto
784 4055 849 4109 add.
868 4057 881 4107 t
899 4055 951 4108 ob
1043 4059 1076 4107 14
1095 4061 1176 4108 rema
1193 4053 1228 4121 P,
1247 4071 1277 4106 m
1295 4067 1357 4121 sup.

340 4130 389 4183 lin.
408 4130 511 4184 iuras.
531 4127 595 4185 add.
610 4143 633 4197 p
690 4131 722 4180 15
741 4125 891 4181 uoluerunt
909 4125 963 4180 elle
984 4127 1012 4179 B
1069 4130 1101 4178 l‘l
1119 4123 1200 4178 curus
1218 4166 1224 4177 .
1243 4124 1271 4178 P
1323 4127 1358 4177 10

341 4199 504 4267 querebar?-
521 4198 526 4268 l
543 4199 571 4253 Ρ
622 4204 657 4253 13
676 4196 784 4252 butanus
801 4193 835 4250 P
890 4201 925 4250 16
946 4198 1026 4250 mutu
1045 4195 1154 4250 ataid.
