3322 5190
641 832 755 889 Xt-'l
780 832 818 889 xl
838 837 906 890 1-s
1220 836 1282 902 191

216 997 302 1060 at
324 994 379 1062 hic
401 997 525 1081 nester,
547 994 667 1062 flamen
690 999 724 1062 et
745 995 894 1082 pontifex
917 1000 951 1062 et
974 996 1092 1083 omnia,
1116 1000 1182 1064 tam
1207 999 1316 1085 quidd

216 1082 454 1151 immoletur
467 1107 563 1171 quam
580 1085 657 1171 quid
672 1085 793 1152 libetur
811 1086 951 1172 ignorat,
969 1090 1003 1151 et
1021 1109 1062 1151 ne
1080 1109 1147 1153 non
1166 1088 1285 1174 ubique

217 1170 300 1237 in
324 1173 458 1239 libando
481 1175 552 1260 pari
575 1196 684 1240 errore
708 1175 753 1239 sit
774 1175 897 1255 deuius,
919 1175 954 1240 in
977 1179 1093 1242 octauo
1117 1177 1165 1242 ait

355 1280 390 1345 in
414 1302 560 1346 mensam
583 1280 663 1347 laeti
685 1280 792 1346 libant
813 1281 970 1368 diuosque
994 1286 1181 1369 precantur,

142 1405 182 1445 ⁵
226 1408 339 1453 eum
357 1411 424 1455 uon
443 1388 479 1453 in
502 1410 669 1455 mensam
694 1390 749 1455 sed
773 1390 806 1455 in
830 1411 934 1455 aram
958 1390 1134 1456 secundum
1159 1413 1282 1458 moreni

221 1474 368 1544 libare
392 1477 588 1546 debuerint’.

354 1566 414 1633 ‘Vt
431 1569 520 1654 prius
540 1567 618 1633 tibi’
641 1568 870 1635 Praetextatus
894 1568 1002 1654 inquit
1023 1568 1079 1634 ‘de
1102 1570 1314 1655 posteriore4

229 1656 456 1740 quaestione
486 1656 713 1742 respondeam,
745 1656 851 1723 fateor
882 1659 916 1722 te
948 1679 1015 1722 nou
1048 1657 1210 1724 immerito
1244 1658 1283 1723 de

232 1749 423 1831 usurpata
450 1745 483 1810 iu
512 1767 658 1811 mensam
686 1744 845 1811 libatione
869 1746 1048 1831 quaesisse,
1079 1747 1284 1833 ampliusque

147 1848 200 1889 ιο
233 1835 404 1918 speciem
437 1834 642 1900 difficultatis
675 1857 826 1919 auxeras,
859 1837 887 1900 si
919 1836 1025 1920 magis
1057 1833 1216 1901 Didonem
1248 1837 1283 1901 iu

237 1941 411 1989 mensam
436 1922 587 1989 similiter
611 1925 768 1989 libantem
793 1927 944 1990 notasses

348 2029 431 2095 dixit
453 2034 487 2095 et
509 2031 543 2095 in
567 2053 713 2096 mensam
737 2030 872 2095 laticum
895 2031 1012 2095 libauit
1034 2031 1199 2097 honorem.

246 2153 341 2200 nam
370 2140 403 2200 ct
425 2137 581 2201 Turculvs
610 2158 682 2200 cum
711 2137 749 2201 de
773 2138 838 2200 ritu
862 2158 1028 2201 sacrorum
1054 2139 1159 2201 multa
1182 2139 1313 2213 disse-5

253 2226 361 2306 reret,
380 2225 427 2288 ait
445 2224 521 2289 sibi
540 2223 640 2288 huuc
659 2225 783 2289 locum
803 2223 841 2287 iu
861 2224 1129 2307 quaestionem
1149 2224 1282 2290 uenire

195 2324 234 2366 1⁵
255 2329 325 2376 nec
350 2316 463 2377 tamen
490 2311 736 2377 haesitationem
764 2334 857 2376 suam
885 2311 1043 2396 requisita
1065 2313 1193 2378 ratione
1216 2312 1282 2378 die-

262 2399 375 2465 soluit.
420 2421 482 2486 ego
502 2403 620 2483 autem,
644 2400 729 2485 quod
749 2400 829 2466 mihi
848 2401 1009 2486 magistra
1032 2400 1172 2466 lectione
1194 2424 1281 2468 com-

263 2492 396 2570 pertum
429 2492 493 2573 est,
528 2489 711 2576 publicabo.
768 2489 803 2554 in
836 2488 1046 2575 Papiriano
1080 2490 1165 2556 euim
1198 2492 1281 2555 iure

269 2577 435 2644 euidenter
453 2578 594 2643 relatum
613 2582 665 2643 est
682 2599 771 2643 arae
793 2578 915 2643 uicem
939 2582 1141 2664 praestare
1165 2600 1281 2665 posse

270 2684 434 2731 mensam
462 2667 638 2732 dicatam.
683 2670 724 2732 ut
751 2667 789 2730 in
817 2666 964 2751 templo
991 2667 1098 2752 iuquit
1119 2667 1312 2742 Iunonis6

235 2751 507 2840 aoPopulouiae
549 2759 716 2842 augusta
756 2776 887 2820 mensa
924 2758 988 2819 est
1045 2777 1206 2840 namque
1243 2756 1281 2820 iu

272 2839 370 2908 lanis
389 2843 468 2908 alia
486 2865 666 2908 uasorum
684 2844 831 2909 suntet
849 2862 981 2908 sacrae
1000 2843 1284 2927 supellectilis,

273 2929 346 2995 alia
377 2933 703 2996 ornamentorum.
762 2952 858 3015 qnae
890 2951 1070 2995 uasorum
1102 2935 1193 2996 sunt
1224 2932 1281 2996 iu·

274 3020 475 3085 strumenti
497 3020 625 3084 instar
643 3019 801 3103 habent,
825 3019 966 3104 quibus
989 3040 1137 3104 semper
1161 3020 1281 3085 sacri-

273 3104 360 3173 iieia
396 3107 678 3193 coniiciuntur,
714 3130 873 3194 quorum
910 3129 1034 3174 reruni
1066 3107 1281 3194 principem

245 3193 390 3264 uloenm
432 3198 589 3284 optinet
629 3220 773 3283 mensa,
814 3198 852 3263 in
893 3220 966 3283 qua
1007 3198 1144 3281 epulae
1185 3199 1282 3265 liba-

275 3287 472 3375 tionesque
508 3292 547 3354 et
583 3289 707 3373 stipes
744 3292 994 3373 reponuntur.
1054 3292 1282 3354 ornamenta

274 3397 355 3443 nero
384 3382 474 3444 sunt
500 3376 617 3462 clipei
646 3399 812 3443 coronae
840 3379 878 3442 et
905 3376 1065 3441 huiusce
1094 3377 1195 3442 modi
1219 3376 1282 3442 do·

272 3466 382 3532 naria.
427 3487 550 3550 neque
570 3467 669 3530 enim
690 3465 922 3531 dedicantur
941 3486 983 3529 eo
1003 3467 1189 3549 tempore,
1208 3486 1280 3549 quo

273 3551 427 3620 delubra
459 3557 680 3640 sacrantur,
716 3556 756 3618 at
787 3574 877 3620 uero
911 3575 1041 3617 mensa
1073 3552 1280 3638 arulaequo

273 3677 478 3690 ———..——-.

335 3751 353 3800 4
371 3749 441 3802 Aen.
460 3745 526 3801 VIII
544 3750 597 3802 2⁵19
654 3749 686 3800 la
705 3744 742 3800 ib.
761 3743 775 3798 I
794 3751 846 3801 736

271 3854 477 3866 ..ἠ-ο.-

337 3928 351 3978 1
371 3924 467 3981 umen
485 3924 553 3994 quid
571 3924 600 3978 Β
689 3927 706 3976 2
725 3938 864 3992 quamque
882 3921 980 3978 libbur
1000 3924 1029 3978 Β
1114 3927 1130 3977 8
1149 3921 1222 3978 later
1240 3917 1278 3978 P'

271 3995 394 4051 iumento
419 3996 447 4050 Β
556 4001 588 4051 18
612 3993 718 4049 tercius
737 3993 772 4062 P,
797 3994 827 4048 P.
851 3991 945 4047 Titini
965 3995 1097 4049 Horisius
1114 3995 1147 4049 da
1175 3993 1280 4049 Oiaoiis

268 4068 343 4132 239
398 4069 431 4121 14
449 4065 556 4122 uenrlle
574 4066 603 4122 P
654 4070 688 4119 al
708 4062 910 4134 suppellectrhl
924 4065 953 4118 Β
1006 4064 1234 4134 abrumperem.
1254 4063 1283 4119 P

271 4138 302 4187 tt
327 4137 491 4193 ornamento
517 4138 546 4191 Β
631 4141 665 4190 2⁷
693 4135 878 4191 cuiuscemodi
909 4137 938 4189 P
1039 4141 1074 4191 29
1103 4134 1214 4191 dilubra
1242 4132 1278 4190 Β

271 4205 360 4262 arulae
378 4223 451 4278 quae
468 4208 497 4261 B
