3442 5190
683 818 707 871 X
727 821 832 872 ls-as
860 816 897 870 xl
918 821 986 869 1-a
1296 814 1339 879 47

331 981 457 1044 tantum
490 977 555 1064 die,
587 979 620 1045 id
652 982 703 1045 est
732 981 848 1065 quarto
879 977 1002 1044 decimo
1030 977 1210 1063 Kalendas,
1242 977 1343 1044 solita

331 1067 498 1149 celebrari,
524 1067 579 1133 sed
602 1071 679 1153 post
700 1068 733 1134 iu
757 1066 899 1132 triduum
923 1069 1115 1152 propagata,
1138 1066 1278 1152 primum
1303 1088 1342 1131 ex

330 1154 461 1221 adiectis
481 1177 500 1220 a
518 1154 656 1223 (lassare
679 1156 754 1221 huic
773 1157 877 1220 mensi
896 1154 1019 1236 diebus,
1043 1154 1157 1220 deinde
1176 1177 1214 1220 ex
1234 1154 1340 1221 edicto

330 1243 468 1331 Augusti
493 1266 556 1330 quo
579 1245 678 1310 trium
702 1245 826 1310 alierum
844 1245 942 1309 ferias
961 1244 1188 1311 Saturnalibus
1208 1243 1341 1326 addixit,

309 1355 349 1400 sa
374 1336 466 1398 sexto
498 1332 619 1400 decimo
653 1335 752 1419 igitur
783 1337 901 1419 coepta
931 1333 966 1398 in
998 1338 1150 1419 quartum
1182 1333 1341 1400 decimum

330 1421 486 1506 ‹teninunt
504 1446 568 1509 quo
588 1423 657 1490 solo
678 1424 745 1489 fieri
765 1427 840 1489 ante
858 1427 1102 1490 consueuerant.
1140 1423 1196 1490 scd
1211 1422 1394 1511 sigilla-24

330 1512 446 1580 riorum
480 1514 604 1580 adiecta
631 1513 803 1580 celebritas
836 1515 870 1581 in
903 1517 1028 1600 septem
1060 1513 1129 1579 diss
1161 1513 1339 1581 discursum

329 1603 493 1688 publicum
516 1607 549 1669 st
571 1603 729 1668 laetitiam
754 1604 922 1690 religionis
946 1602 1108 1670 extendit?

413 1691 504 1757 Tunc
526 1692 714 1778 Euangelus
742 1691 815 1759 ‘hoc
843 1691 986 1779 quidcm'
1013 1692 1128 1778 inquid
1150 1690 1228 1756 ‘iam
1255 1690 1395 1766 lsrrexl

307 1803 390 1850 ouon
420 1803 553 1867 poenum
583 1783 669 1870 quod
693 1783 918 1849 Praetextatus
946 1786 1059 1849 noster
1086 1782 1119 1847 in
1145 1780 1268 1869 ingenii
1292 1780 1341 1844 aui

330 1894 479 1958 pompam
512 1876 546 1937 et
577 1874 829 1940 ostentationem
866 1873 1018 1958 loquendi
1052 1873 1105 1939 uel
1136 1873 1235 1957 paulo
1268 1874 1342 1936 ante

330 1961 441 2028 honori
470 1962 605 2029 alicuius
633 1963 684 2029 dei
709 1963 875 2050 adsignari
900 1963 1019 2049 uoluit,
1047 1961 1131 2049 quod
1160 1960 1247 2028 serui
1270 1981 1342 2026 cum

330 2050 467 2117 dominis
490 2057 707 2138 uescerentur,
730 2053 821 2138 qnasi
846 2074 922 2119 uero
946 2056 1061 2118 curent
1084 2051 1196 2116 diuina
1218 2049 1258 2115 de
1277 2070 1343 2114 ser·

330 2140 377 2204 uis
399 2144 457 2207 ant
479 2143 608 2225 sapiens
633 2143 803 2226 quisquam
828 2141 915 2208 domi
934 2162 1012 2205 snae
1026 2138 1255 2206 contumeliam
1275 2140 1342 2202 tam

308 2227 440 2297 sloedae
468 2229 634 2295 societatis
664 2229 831 2314 admittat,
858 2230 910 2294 uel
936 2249 1023 2294 nunc
1049 2227 1228 2312 Sigillaria,
1261 2247 1343 2309 quae

331 2317 434 2382 lusum
450 2319 591 2403 reptanti
602 2318 706 2384 adhuc
716 2319 873 2384 infantiae
882 2317 1003 2384 oscillis
1015 2315 1166 2382 fictilibus
1176 2314 1343 2399 praebent,

330 2409 468 2491 temptat
491 2407 600 2473 officio
624 2407 792 2492 religionis
816 2407 1012 2488 adscribere,
1037 2406 1070 2470 et
1093 2405 1169 2489 quia
1192 2402 1343 2487 princeps

331 2494 555 2579 religiosorum
580 2498 727 2582 putatur,
754 2517 820 2561 non
843 2495 933 2561 nulla
956 2493 1021 2560 iam
1047 2497 1080 2560 et
1103 2492 1343 2580 superstitionis

332 2583 501 2669 admiscet,
532 2585 625 2668 quasi
657 2606 735 2652 uero
768 2585 862 2651 nobis
894 2584 944 2649 las
972 2605 1036 2649 non
1065 2582 1110 2648 sit
1136 2581 1343 2647 Praetextato

302 2672 504 2759 aaliquando
527 2695 593 2738 non
615 2671 764 2739 erodere'.

419 2760 483 2826 Hic
510 2783 582 2825 cum
611 2784 722 2826 omnes
750 2761 1006 2843 exhorruissent,
1037 2760 1265 2824 Praetextatus
1296 2750 1373 2820 re2

332 2846 443 2912 uidens
468 2848 739 2933 ‘superstitiosum
763 2871 828 2933 me,
850 2847 1030 2933 Euangele,
1054 2868 1112 2912 nec
1134 2846 1267 2931 dignum
1292 2845 1343 2908 cui

332 2934 479 3000 credatur
508 2936 671 3001 existimes
701 2937 791 3021 nolo,
817 2937 880 3001 nisi
904 2936 1071 3019 utriusqus
1094 2933 1156 2998 tibi
1180 2933 1224 2997 rei
1249 2930 1344 2995 fidem

332 3023 413 3090 ratio
442 3024 572 3090 adserta
599 3026 838 3092 monstrarunt
884 3027 918 3089 et
945 3026 982 3087 ut
1010 3024 1148 3107 primum
1176 3019 1215 3086 de
1241 3019 1343 3085 seruis

304 3139 320 3176 τ.
333 3112 511 3200 loquamur,
535 3115 646 3181 iocoue
671 3139 711 3180 nri
736 3117 819 3180 sorio
843 3117 937 3200 putus
957 3135 1028 3178 esso
1048 3112 1213 3178 hominum
1234 3130 1345 3196 genus,

333 3204 415 3287 quod
453 3204 485 3268 di
523 3204 722 3269 immortales
755 3228 814 3271 nec
847 3227 923 3270 cura
956 3226 1014 3268 sun
1045 3224 1105 3267 nec
1139 3199 1345 3286 prouidentia

334 3292 527 3380 dignentur?
565 3317 606 3359 an
626 3295 709 3360 lorte
734 3318 844 3361 seruos
868 3295 901 3360 in
924 3292 1092 3359 bominum
1117 3312 1251 3356 numero
1275 3309 1345 3353 esse

333 3403 397 3448 non
426 3384 570 3466 posteris?
617 3383 693 3449 audi
722 3385 820 3471 igitur
847 3385 968 3469 quanta
992 3380 1173 3466 indignatio
1197 3379 1235 3445 dc
1259 3376 1345 3443 serui

334 3473 493 3558 supplicio
512 3474 637 3538 caelum
657 3475 883 3558 penetraucrit.
917 3494 1002 3538 anno
1018 3471 1102 3537 enim
1119 3470 1194 3555 post
1207 3468 1376 3533 Romam3

309 3562 495 3626 oeonditam
512 3563 829 3648 quadringentesimo
845 3560 1084 3648 septuagesimo
1099 3560 1215 3643 quarto
1226 3557 1345 3622 Autro-

333 3687 544 3696 ..ψη-...-

402 3758 416 3807 1
438 3752 525 3806 Xllll·
545 3753 578 3807 kt
597 3753 625 3807 P
639 3753 773 3822 (kalemta
791 3752 838 3821 B')
893 3754 1006 3822 tprior
1030 3768 1047 3804 u
1070 3752 1102 3806 iu
1124 3747 1291 3813 saturnalib3
1315 3749 1347 3800 in

331 3839 383 3880 ros.
402 3824 435 3879 in
455 3824 484 3878 P
544 3825 664 3898 acepta
682 3824 710 3879 P
767 3823 946 3892 Brehgionui
960 3839 1012 3879 ona.
1031 3820 1065 3875 P
1127 3818 1276 3889 equdem
1295 3833 1345 3873 orn.

332 3895 367 3952 P
434 3901 467 3951 11
487 3894 655 3967 silignanb
711 3900 744 3951 14
763 3895 850 3964 quisq.
873 3893 901 3946 P
953 3893 1049 3949 domur
1067 3892 1095 3946 B
1150 3896 1183 3946 lb
1203 3905 1276 3944 nunc
1294 3904 1346 3943 om.

334 3968 360 4022 P
413 3971 447 4022 16
465 3967 588 4040 fictxlbns
603 3968 633 4022 P
680 3973 715 4022 20
732 3965 883 4036 abqnundo
902 3981 952 4020 oin.
975 3965 1003 4018 P
1055 3969 1088 4017 21
1104 3960 1229 4017 renitent
1241 3964 1272 4014 ut
1285 3961 1345 4015 uid.

333 4034 365 4092 P
422 4043 457 4093 2³
477 4040 608 4095 credatur
626 4041 658 4093 in
675 4055 730 4093 ras.
750 4040 781 4093 in
800 4039 827 4092 P
884 4035 995 4090 estimes
1011 4035 1039 4089 P
1089 4039 1124 4088 14
1143 4031 1347 4113 monstrauerat

333 4105 366 4163 Η
418 4115 453 4165 ta
473 4126 553 4165 amur
571 4109 877 4179 inloqnnmurr'nroa.
893 4109 925 4162 iu
943 4107 971 4160 P
1021 4102 1164 4163 rocoan'
1220 4103 1296 4156 homi
1315 4119 1347 4185 ¹²!

334 4180 476 4236 bominum
490 4183 522 4236 in
535 4198 590 4239 ras.
605 4183 710 4252 (ρτίηια
725 4181 975 4250 intercludimus
990 4179 1018 4232 P
1060 4184 1094 4233 2⁹
1110 4172 1336 4248 penetrsnentP
