3322 5190
311 845 355 911 58
706 843 780 902 ΕΔΤ.
798 843 896 900 LIBRI
914 845 926 900 l

312 1008 383 1074 fuit.
435 1009 572 1073 aliarum
609 1009 754 1092 gentium
788 1008 910 1090 dispari
942 1029 1076 1072 numero
1106 1010 1178 1093 pari
1216 1031 1324 1075 errore

312 1097 459 1180 nutabat,
483 1101 516 1161 et
534 1101 571 1160 ut
592 1100 764 1161 contentus
788 1097 850 1160 sim
873 1094 1040 1160 referendo
1064 1118 1239 1178 paucarum
1258 1119 1325 1162 mo·

313 1204 381 1247 rem
404 1184 581 1267 regionum,
605 1183 746 1248 Arcades
771 1205 891 1247 annum
910 1205 1004 1247 sunm
1027 1183 1133 1248 tribue
1157 1185 1324 1250 mensibus

312 1271 533 1354 explicabant,
561 1271 747 1336 Acarnanes
779 1292 850 1354 sex,
883 1268 999 1334 Graeci
1028 1271 1142 1354 reliqui
1169 1272 1324 1337 trecentis

312 1357 550 1443 quinquaginta
569 1362 723 1443 quattuor
741 1358 853 1422 diebus
873 1380 993 1422 anuum
1012 1359 1179 1442 proprium
1194 1379 1325 1442 compu-
1352 1382 1364 1422 a

281 1447 302 1509 tl
313 1445 435 1510 tabant.
480 1469 546 1510 ncn
570 1446 671 1530 igitur
693 1446 811 1510 mirum
835 1446 868 1509 in
892 1446 953 1510 hac
983 1447 1138 1509 uarietate
1157 1445 1326 1511 Romanos

312 1553 439 1616 quoque
475 1534 553 1597 otim
591 1536 723 1597 auctora
757 1532 894 1596 Romulo
931 1554 1052 1595 annum
1088 1553 1182 1597 sunm
1212 1532 1324 1597 decem

310 1617 463 1685 habuisse
495 1620 661 1684 mensibus
692 1619 891 1700 ordinatum,
924 1620 980 1703 qui
1011 1641 1115 1684 nunus
1147 1620 1325 1703 incipiebat

310 1706 486 1792 uMertio,
514 1712 548 1773 et
575 1708 805 1773 conficiebatur
833 1707 947 1772 dicbus
976 1708 1128 1773 trecentis
1157 1712 1324 1793 quattuor,

311 1800 349 1860 ut
371 1818 426 1861 sex
449 1796 577 1880 quidem
602 1819 738 1878 menses,
761 1797 793 1860 id
822 1800 872 1860 est
895 1795 1017 1881 Aprilis
1045 1794 1157 1861 Iunius
1186 1795 1319 1862 Sextilis
1335 1821 1360 1860 rc

311 1881 500 1969 September
523 1883 709 1950 Nouember
731 1883 918 1968 December,
943 1886 1098 1949 tricenum
1123 1888 1233 1949 essent
1255 1885 1323 1950 die-

312 1994 394 2060 rum,
416 1978 570 2060 qnattnor
592 1997 680 2059 uero,
703 1973 841 2039 Martius
864 1971 969 2039 lluius
989 1972 1143 2050 Quintilis
1169 1971 1322 2057 October,

311 2063 443 2130 tricenis
471 2068 505 2129 et
532 2064 668 2150 singulis
692 2063 932 2148 expedirentur,
960 2063 1015 2147 qui
1038 2061 1196 2148 hodieque
1224 2064 1322 2148 septi-

278 2161 425 2226 tmuuus
453 2153 574 2220 hubent
601 2153 727 2239 Nonas,
760 2154 857 2220 ceteri
890 2154 1073 2240 quintuuus.
1119 2153 1320 2238 septimanos

308 2247 417 2308 autern
446 2243 641 2309 habentibus
669 2244 711 2308 ab
743 2243 852 2309 Idibus
884 2243 1127 2309 reuertcbcntur
1154 2241 1320 2309 Kalendae
1335 2266 1360 2306 re

308 2331 348 2397 ed
372 2331 456 2397 diem
480 2335 654 2417 septimum
674 2332 847 2411 decimum,
871 2354 984 2397 nerum
1007 2331 1205 2397 habentibus
1229 2333 1321 2416 qnin-

307 2426 403 2575 dm
426 2420 467 2486 ad
490 2425 641 2486 octauum
665 2420 825 2486 decimum
854 2420 1022 2485 remeabat
1048 2419 1179 2483 initium
1201 2418 1321 2485 Kalen·

329 2530 430 2575 nrum.

276 2606 298 2672 5
396 2595 485 2664 llaec
518 2596 581 2663 init
611 2595 742 2664 ltcmuli
774 2597 950 2681 ordinatio,
981 2597 1037 2681 qui
1067 2596 1208 2681 primum
1241 2599 1320 2663 anni

309 2708 450 2754 mouson
479 2687 618 2775 portitori
647 2710 705 2753 suo
732 2685 849 2753 Marti
878 2687 1007 2752 dicauit
1053 2708 1148 2772 quem
1176 2706 1360 2754 mensemes

308 2779 383 2845 unni
420 2779 560 2865 prinnuu
593 2778 693 2844 inisse
725 2779 777 2844 nol
810 2801 849 2843 ex
880 2778 942 2844 troc
979 2779 1119 2843 maxime
1155 2778 1321 2865 probatur,

306 2869 392 2953 quod
422 2870 463 2934 sb
493 2869 564 2952 ipso
592 2868 746 2945 Quintilis
776 2870 910 2953 quintus
933 2872 996 2953 est,
1023 2873 1058 2933 et
1080 2866 1231 2953 deinceps
1260 2891 1320 2953 pro

277 2967 441 3030 enumero
464 2958 724 3023 nominabantur.
764 2957 861 3022 huius
885 2958 983 3022 etiam
1006 2957 1114 3040 prima
1136 2956 1188 3020 die
1211 2957 1320 3040 ignem

307 3066 426 3111 nonum
455 3044 575 3110 Vestae
604 3046 668 3110 uris
693 3045 926 3126 accendebant,
959 3053 996 3108 ut
1026 3045 1201 3127 incipiente
1233 3067 1319 3110 anno

308 3153 385 3198 cura
416 3132 522 3197 donno
555 3133 705 3197 sernrmdi
738 3135 850 3198 nonati
879 3134 964 3219 ignis
992 3134 1157 3216 inciperet
1207 3133 1319 3198 eodem
1333 3150 1359 3190 ὅ

308 3243 434 3306 qnoque
472 3221 672 3307 ingrediente
705 3242 816 3287 mense
850 3229 918 3286 tarn
961 3223 994 3286 in
1032 3222 1124 3305 regia
1160 3221 1319 3306 curtisque

308 3315 405 3395 stapris
429 3309 593 3375 flaminum
617 3311 768 3377 domibus
791 3312 921 3376 laureae
945 3315 1070 3375 ueteres
1088 3311 1183 3374 nonis
1201 3311 1319 3376 laureis

307 3399 525 3464 enotabantur.
570 3400 681 3464 coelom
706 3422 834 3485 quoque
857 3422 969 3464 mense
991 3404 1025 3464 et
1048 3398 1176 3484 publice
1199 3402 1232 3462 et
1255 3399 1318 3484 pri-

308 3487 409 3552 uatim
438 3488 477 3553 nd
504 3490 634 3554 lirinum
658 3489 838 3554 Perennem
863 3490 1079 3554 sacrificatum
1102 3489 1181 3573 itur,
1204 3494 1240 3551 nt
1262 3511 1318 3552 an·

278 3582 387 3647 tuere
410 3599 648 3662 prosecutusque
670 3577 838 3642 commode
862 3579 967 3641 liceat
1012 3577 1073 3641 hoc
1101 3598 1210 3639 mense
1238 3599 1317 3641 mer·
1331 3584 1358 3623 ⁸⁰

308 3663 400 3730 cules
431 3665 642 3731 exserlnobant
673 3668 854 3751 snagietris,
886 3688 966 3752 quse
999 3665 1180 3751 completus
1212 3686 1317 3730 annus

306 3751 414 3819 eteberi
434 3754 518 3839 lecit,
536 3756 670 3822 comitia
684 3756 947 3841 inspiciebantur,
966 3755 1138 3842 uectigalia
1156 3752 1317 3841 locabant,

305 3848 339 3909 ot
361 3844 464 3909 soritis
488 3867 583 3911 cerins
607 3843 814 3931 ndpnrebunt
840 3853 1022 3932 niatronae,
1046 3853 1084 3911 ut
1110 3844 1232 3910 domini
1259 3844 1316 3911 Sa·

379 4075 651 4148 interrupti-11⁹
713 4075 962 4149 toouternptullt'
1017 4083 1168 4143 tumque
1180 4079 1314 4143 quattuor

310 4137 340 4195 ll*
395 4148 575 4201 curantur·
626 4150 893 4220 ttpmunaroq.;l'
938 4164 1001 4203 com
1067 4145 1125 4201 oB
1178 4151 1314 4201 ”necn-

305 4213 437 4282 pettmli
492 4223 526 4272 ³³
545 4219 630 4294 must
644 4220 826 4291 ellenon-nt
847 4221 875 4274 Ρ
