<?xml version="1.0" encoding="UTF-8"?>
<!DOCTYPE html PUBLIC "-//W3C//DTD XHTML 1.0 Transitional//EN"
    "http://www.w3.org/TR/xhtml1/DTD/xhtml1-transitional.dtd">
<html xmlns="http://www.w3.org/1999/xhtml" xml:lang="en" lang="en">
 <head>
  <title>
</title>
<meta http-equiv="Content-Type" content="text/html;charset=utf-8" />
  <meta name='ocr-system' content='tesseract 3.04.00' />
  <meta name='ocr-capabilities' content='ocr_page ocr_carea ocr_par ocr_line ocrx_word'/>
</head>
<body>
  <div class='ocr_page' id='page_1' title='image "./macrobius00cicegoog_0340.png"; bbox 0 0 3322 5190; ppageno 0'>
   <div class='ocr_carea' id='block_1_1' title="bbox 329 826 970 894">
    <p class='ocr_par' dir='ltr' id='par_1_1' title="bbox 329 826 970 894">
     <span class='ocr_line' id='line_1_1' title="bbox 329 826 970 894; baseline -0.025 0"><span class='ocrx_word' id='word_1_1' title='bbox 329 829 395 894; x_wconf 81' lang='grc'><strong>330</strong></span> <span class='ocrx_word' id='word_1_2' title='bbox 734 827 811 882; x_wconf 74' lang='lat' dir='ltr'><strong>ssd.</strong></span> <span class='ocrx_word' id='word_1_3' title='bbox 829 826 926 881; x_wconf 84' lang='lat' dir='ltr'>LIBRI</span> <span class='ocrx_word' id='word_1_4' title='bbox 945 826 970 880; x_wconf 88' lang='lat' dir='ltr'><strong>V</strong></span> 
     </span>
    </p>
   </div>
   <div class='ocr_carea' id='block_1_2' title="bbox 277 986 1383 1519">
    <p class='ocr_par' dir='ltr' id='par_1_2' title="bbox 330 986 1343 1250">
     <span class='ocr_line' id='line_1_2' title="bbox 330 986 1341 1073; baseline -0.001 -20"><span class='ocrx_word' id='word_1_5' title='bbox 330 990 460 1055; x_wconf 89' lang='lat' dir='ltr'><strong>laeuum</strong></span> <span class='ocrx_word' id='word_1_6' title='bbox 484 989 598 1073; x_wconf 90' lang='lat' dir='ltr'><strong>pedem</strong></span> <span class='ocrx_word' id='word_1_7' title='bbox 621 988 742 1053; x_wconf 90' lang='lat' dir='ltr'><strong>habere</strong></span> <span class='ocrx_word' id='word_1_8' title='bbox 765 986 886 1053; x_wconf 89' lang='lat' dir='ltr'><strong>nudum</strong></span> <span class='ocrx_word' id='word_1_9' title='bbox 911 986 966 1053; x_wconf 91' lang='lat' dir='ltr'><strong>sed</strong></span> <span class='ocrx_word' id='word_1_10' title='bbox 992 986 1148 1053; x_wconf 84' lang='lat' dir='ltr'><strong>dextrum.</strong></span> <span class='ocrx_word' id='word_1_11' title='bbox 1191 986 1276 1070; x_wconf 91' lang='lat' dir='ltr'><strong>quod</strong></span> <span class='ocrx_word' id='word_1_12' title='bbox 1300 1008 1341 1052; x_wconf 87' lang='lat' dir='ltr'><strong>ne</strong></span> 
     </span>
     <span class='ocr_line' id='line_1_3' title="bbox 330 1074 1341 1162; baseline -0.003 -20"><span class='ocrx_word' id='word_1_13' title='bbox 330 1077 498 1144; x_wconf 83' lang='lat' dir='ltr'><strong>adfirmem</strong></span> <span class='ocrx_word' id='word_1_14' title='bbox 534 1077 643 1162; x_wconf 89' lang='lat' dir='ltr'><strong>potius</strong></span> <span class='ocrx_word' id='word_1_15' title='bbox 680 1097 778 1161; x_wconf 88' lang='lat' dir='ltr'><strong>quarn</strong></span> <span class='ocrx_word' id='word_1_16' title='bbox 816 1076 964 1160; x_wconf 82' lang='lat' dir='ltr'><strong>probem,</strong></span> <span class='ocrx_word' id='word_1_17' title='bbox 1001 1074 1073 1158; x_wconf 87' lang='lat' dir='ltr'><strong>ipsa</strong></span> <span class='ocrx_word' id='word_1_18' title='bbox 1104 1075 1341 1141; x_wconf 78' lang='lat' dir='ltr'><strong>Asrsro&#39;rnnrs</strong></span> 
     </span>
     <span class='ocr_line' id='line_1_4' title="bbox 330 1165 1343 1250; baseline -0.005 -19"><span class='ocrx_word' id='word_1_19' title='bbox 330 1166 430 1231; x_wconf 84' lang='lat' dir='ltr'><strong>uerba</strong></span> <span class='ocrx_word' id='word_1_20' title='bbox 457 1187 575 1250; x_wconf 88' lang='lat' dir='ltr'><strong>ponam</strong></span> <span class='ocrx_word' id='word_1_21' title='bbox 605 1187 643 1230; x_wconf 86' lang='lat' dir='ltr'><strong>ex</strong></span> <span class='ocrx_word' id='word_1_22' title='bbox 672 1165 770 1248; x_wconf 87' lang='lat' dir='ltr'><strong>libro,</strong></span> <span class='ocrx_word' id='word_1_23' title='bbox 803 1185 898 1249; x_wconf 90' lang='lat' dir='ltr'><strong>quem</strong></span> <span class='ocrx_word' id='word_1_24' title='bbox 926 1181 974 1227; x_wconf 78' lang='lat' dir='ltr'><strong>on</strong></span> <span class='ocrx_word' id='word_1_25' title='bbox 1002 1180 1126 1228; x_wconf 80' lang='lat' dir='ltr'><strong>ronrrs</strong></span> <span class='ocrx_word' id='word_1_26' title='bbox 1155 1181 1343 1230; x_wconf 77' lang='lat' dir='ltr'><strong>suovuovsr</strong></span> 
     </span>
    </p>

    <p class='ocr_par' dir='ltr' id='par_1_3' title="bbox 277 1249 1383 1519">
     <span class='ocr_line' id='line_1_5' title="bbox 277 1249 1343 1340; baseline -0.004 -19"><span class='ocrx_word' id='word_1_27' title='bbox 277 1255 321 1322; x_wconf 82' lang='lat'><strong>20</strong></span> <span class='ocrx_word' id='word_1_28' title='bbox 331 1254 476 1340; x_wconf 87' lang='lat' dir='ltr'><strong>scripsit,</strong></span> <span class='ocrx_word' id='word_1_29' title='bbox 504 1255 538 1320; x_wconf 89' lang='lat' dir='ltr'><strong>in</strong></span> <span class='ocrx_word' id='word_1_30' title='bbox 565 1276 628 1339; x_wconf 88' lang='lat' dir='ltr'><strong>quo</strong></span> <span class='ocrx_word' id='word_1_31' title='bbox 656 1254 696 1319; x_wconf 91' lang='lat' dir='ltr'><strong>de</strong></span> <span class='ocrx_word' id='word_1_32' title='bbox 718 1253 874 1338; x_wconf 79' lang='lat' dir='ltr'>Euripide</span> <span class='ocrx_word' id='word_1_33' title='bbox 902 1254 1036 1338; x_wconf 85' lang='lat' dir='ltr'><strong>loquens</strong></span> <span class='ocrx_word' id='word_1_34' title='bbox 1066 1254 1112 1319; x_wconf 92' lang='lat' dir='ltr'><strong>sic</strong></span> <span class='ocrx_word' id='word_1_35' title='bbox 1135 1254 1182 1318; x_wconf 84' lang='lat' dir='ltr'><strong>ait</strong></span> <span class='ocrx_word' id='word_1_36' title='bbox 1204 1255 1282 1330; x_wconf 73' lang='grc' dir='ltr'><strong><em>τοὺς</em></strong></span> <span class='ocrx_word' id='word_1_37' title='bbox 1306 1249 1343 1317; x_wconf 71' lang='lat' dir='ltr'><strong>ol</strong></span> 
     </span>
     <span class='ocr_line' id='line_1_6' title="bbox 331 1338 1383 1429; baseline -0.004 -19"><span class='ocrx_word' id='word_1_38' title='bbox 331 1346 473 1410; x_wconf 79' lang='grc' dir='ltr'><strong><em>Θεστίου</em></strong></span> <span class='ocrx_word' id='word_1_39' title='bbox 487 1347 607 1428; x_wconf 80' lang='grc' dir='ltr'><strong><em>κόρους</em></strong></span> <span class='ocrx_word' id='word_1_40' title='bbox 620 1345 680 1409; x_wconf 84' lang='grc' dir='ltr'><strong>τὸν</strong></span> <span class='ocrx_word' id='word_1_41' title='bbox 692 1338 753 1427; x_wconf 75' lang='grc' dir='ltr'><strong>μὲν</strong></span> <span class='ocrx_word' id='word_1_42' title='bbox 763 1341 938 1429; x_wconf 82' lang='grc' dir='ltr'><strong><em>ἀριστερὸν</em></strong></span> <span class='ocrx_word' id='word_1_43' title='bbox 947 1344 1034 1407; x_wconf 86' lang='grc' dir='ltr'><strong><em>πόδα</em></strong></span> <span class='ocrx_word' id='word_1_44' title='bbox 1044 1339 1147 1427; x_wconf 74' lang='grc' dir='ltr'><strong><em>φησὶν</em></strong></span> <span class='ocrx_word' id='word_1_45' title='bbox 1158 1342 1344 1426; x_wconf 70' lang='grc' dir='ltr'><strong><em>Εὐριπίδης</em></strong></span> <span class='ocrx_word' id='word_1_46' title='bbox 1370 1372 1383 1412; x_wconf 77' lang='lat' dir='ltr'><strong>s</strong></span> 
     </span>
     <span class='ocr_line' id='line_1_7' title="bbox 331 1427 986 1519; baseline -0.006 -20"><span class='ocrx_word' id='word_1_47' title='bbox 331 1433 446 1499; x_wconf 75' lang='grc' dir='ltr'><strong><em>ἐλθεῖν</em></strong></span> <span class='ocrx_word' id='word_1_48' title='bbox 469 1436 604 1519; x_wconf 80' lang='grc' dir='ltr'><strong><em>ἔχοντας</em></strong></span> <span class='ocrx_word' id='word_1_49' title='bbox 627 1432 846 1497; x_wconf 82' lang='grc' dir='ltr'><strong><em>ἀνυπόδετον·</em></strong></span> <span class='ocrx_word' id='word_1_50' title='bbox 871 1427 986 1518; x_wconf 77' lang='grc' dir='ltr'><strong>[λέγει]</strong></span> 
     </span>
    </p>
   </div>
   <div class='ocr_carea' id='block_1_3' title="bbox 373 1550 1097 1816">
    <p class='ocr_par' dir='ltr' id='par_1_4' title="bbox 373 1550 1097 1816">
     <span class='ocr_line' id='line_1_8' title="bbox 373 1550 1097 1640; baseline -0.003 -20"><span class='ocrx_word' id='word_1_51' title='bbox 373 1558 412 1621; x_wconf 85' lang='grc' dir='ltr'><strong>τὸ</strong></span> <span class='ocrx_word' id='word_1_52' title='bbox 436 1557 531 1620; x_wconf 77' lang='grc' dir='ltr'><strong><em>λαιὸν</em></strong></span> <span class='ocrx_word' id='word_1_53' title='bbox 555 1561 645 1640; x_wconf 75' lang='grc' dir='ltr'><strong><em>ἴχνος</em></strong></span> <span class='ocrx_word' id='word_1_54' title='bbox 666 1550 752 1638; x_wconf 70' lang='grc' dir='ltr'><strong><em>ἦσαν</em></strong></span> <span class='ocrx_word' id='word_1_55' title='bbox 775 1553 957 1638; x_wconf 75' lang='grc' dir='ltr'><strong><em>δναοβυλοι</em></strong></span> <span class='ocrx_word' id='word_1_56' title='bbox 980 1554 1097 1636; x_wconf 72' lang='grc' dir='ltr'><strong><em>ποδός,</em></strong></span> 
     </span>
     <span class='ocr_line' id='line_1_9' title="bbox 374 1638 1085 1816; baseline -0.001 -108"><span class='ocrx_word' id='word_1_57' title='bbox 374 1638 527 1816; x_wconf 50' lang='grc' dir='ltr'><strong><em>Ξὲοἱνῗν</em></strong></span> <span class='ocrx_word' id='word_1_58' title='bbox 549 1644 712 1725; x_wconf 74' lang='grc' dir='ltr'><em>πεδίλοις,</em></span> <span class='ocrx_word' id='word_1_59' title='bbox 735 1643 780 1719; x_wconf 79' lang='grc' dir='ltr'><strong>ὡς</strong></span> <span class='ocrx_word' id='word_1_60' title='bbox 803 1641 978 1728; x_wconf 75' lang='grc' dir='ltr'><strong><em>ἐλαφοίζον</em></strong></span> <span class='ocrx_word' id='word_1_61' title='bbox 1001 1645 1085 1724; x_wconf 78' lang='grc' dir='ltr'><strong><em>γόνυ</em></strong></span> 
     </span>
    </p>
   </div>
   <div class='ocr_carea' id='block_1_4' title="bbox 264 1849 1388 2912">
    <p class='ocr_par' dir='ltr' id='par_1_5' title="bbox 332 1849 1385 2117">
     <span class='ocr_line' id='line_1_10' title="bbox 332 1849 1385 1937; baseline 0.004 -19"><span class='ocrx_word' id='word_1_62' title='bbox 332 1855 377 1930; x_wconf 79' lang='grc' dir='ltr'><strong>ὡς</strong></span> <span class='ocrx_word' id='word_1_63' title='bbox 405 1854 447 1937; x_wconf 76' lang='grc' dir='ltr'><strong>δὴ</strong></span> <span class='ocrx_word' id='word_1_64' title='bbox 475 1862 541 1918; x_wconf 81' lang='grc' dir='ltr'><strong>πᾶν</strong></span> <span class='ocrx_word' id='word_1_65' title='bbox 569 1853 766 1918; x_wconf 80' lang='grc' dir='ltr'><strong><em>τούναντίον</em></strong></span> <span class='ocrx_word' id='word_1_66' title='bbox 789 1856 868 1929; x_wconf 75' lang='grc' dir='ltr'><strong><em>ἕδος</em></strong></span> <span class='ocrx_word' id='word_1_67' title='bbox 890 1864 960 1929; x_wconf 76' lang='grc' dir='ltr'><strong><em>τοῖς</em></strong></span> <span class='ocrx_word' id='word_1_68' title='bbox 983 1855 1154 1929; x_wconf 68' lang='grc' dir='ltr'><strong><em>Αἰτωλοῖς.</em></strong></span> <span class='ocrx_word' id='word_1_69' title='bbox 1200 1855 1258 1917; x_wconf 88' lang='grc' dir='ltr'><strong>τὸν</strong></span> <span class='ocrx_word' id='word_1_70' title='bbox 1282 1849 1344 1936; x_wconf 75' lang='grc' dir='ltr'><strong>μὲν</strong></span> <span class='ocrx_word' id='word_1_71' title='bbox 1360 1883 1385 1922; x_wconf 84' lang='grc' dir='ltr'><strong>ιο</strong></span> 
     </span>
     <span class='ocr_line' id='line_1_11' title="bbox 333 1937 1344 2025; baseline -0.002 -19"><span class='ocrx_word' id='word_1_72' title='bbox 333 1943 395 2024; x_wconf 78' lang='grc' dir='ltr'><strong>γὰρ</strong></span> <span class='ocrx_word' id='word_1_73' title='bbox 406 1940 580 2025; x_wconf 77' lang='grc' dir='ltr'><strong><em>ἀριστερὸν</em></strong></span> <span class='ocrx_word' id='word_1_74' title='bbox 589 1940 818 2023; x_wconf 78' lang='grc' dir='ltr'><strong><em>ὑποδέδενται,</em></strong></span> <span class='ocrx_word' id='word_1_75' title='bbox 833 1942 890 2005; x_wconf 85' lang='grc' dir='ltr'><strong>τὸν</strong></span> <span class='ocrx_word' id='word_1_76' title='bbox 902 1937 938 2003; x_wconf 77' lang='grc' dir='ltr'><strong>δὲ</strong></span> <span class='ocrx_word' id='word_1_77' title='bbox 949 1940 1059 2017; x_wconf 81' lang='grc' dir='ltr'><strong><em>δεξιὸν</em></strong></span> <span class='ocrx_word' id='word_1_78' title='bbox 1069 1940 1344 2007; x_wconf 81' lang='grc' dir='ltr'><strong><em>ἀνυτοδετοῦσιν·</em></strong></span> 
     </span>
     <span class='ocr_line' id='line_1_12' title="bbox 334 2024 1345 2117; baseline 0 -23"><span class='ocrx_word' id='word_1_79' title='bbox 334 2031 389 2095; x_wconf 83' lang='grc' dir='ltr'><strong>δεῖ</strong></span> <span class='ocrx_word' id='word_1_80' title='bbox 409 2030 484 2117; x_wconf 74' lang='grc' dir='ltr'><strong>γάρ,</strong></span> <span class='ocrx_word' id='word_1_81' title='bbox 508 2024 610 2113; x_wconf 77' lang='grc' dir='ltr'><strong><em>οἶμαι,</em></strong></span> <span class='ocrx_word' id='word_1_82' title='bbox 633 2030 692 2094; x_wconf 87' lang='grc' dir='ltr'><strong>τὸν</strong></span> <span class='ocrx_word' id='word_1_83' title='bbox 709 2029 898 2114; x_wconf 76' lang='grc' dir='ltr'><strong><em>ἡγούμενον</em></strong></span> <span class='ocrx_word' id='word_1_84' title='bbox 920 2031 1007 2114; x_wconf 81' lang='grc' dir='ltr'><strong><em>ἔχειν</em></strong></span> <span class='ocrx_word' id='word_1_85' title='bbox 1026 2029 1185 2115; x_wconf 80' lang='grc' dir='ltr'><strong><em>ἐλαφρόν,</em></strong></span> <span class='ocrx_word' id='word_1_86' title='bbox 1207 2027 1278 2094; x_wconf 78' lang='grc' dir='ltr'><strong><em>ἀλλ’</em></strong></span> <span class='ocrx_word' id='word_1_87' title='bbox 1304 2029 1345 2094; x_wconf 87' lang='grc' dir='ltr'><strong>οὐ</strong></span> 
     </span>
    </p>

    <p class='ocr_par' dir='ltr' id='par_1_6' title="bbox 281 2117 1387 2558">
     <span class='ocr_line' id='line_1_13' title="bbox 281 2117 1345 2203; baseline -0.001 -19"><span class='ocrx_word' id='word_1_88' title='bbox 281 2121 394 2185; x_wconf 76' lang='grc' dir='ltr'><strong><em>21τὸν</em></strong></span> <span class='ocrx_word' id='word_1_89' title='bbox 416 2117 608 2203; x_wconf 76' lang='grc' dir='ltr'><strong><em>ἐμμένοντα.</em></strong></span> <span class='ocrx_word' id='word_1_90' title='bbox 640 2140 712 2182; x_wconf 89' lang='lat' dir='ltr'><strong>cum</strong></span> <span class='ocrx_word' id='word_1_91' title='bbox 731 2118 811 2183; x_wconf 87' lang='lat' dir='ltr'><strong>baec</strong></span> <span class='ocrx_word' id='word_1_92' title='bbox 830 2118 877 2183; x_wconf 83' lang='lat' dir='ltr'><strong>iu</strong></span> <span class='ocrx_word' id='word_1_93' title='bbox 895 2118 969 2198; x_wconf 89' lang='lat' dir='ltr'><strong>sint,</strong></span> <span class='ocrx_word' id='word_1_94' title='bbox 993 2119 1109 2182; x_wconf 86' lang='lat' dir='ltr'><strong>uidetis</strong></span> <span class='ocrx_word' id='word_1_95' title='bbox 1129 2125 1247 2201; x_wconf 85' lang='lat' dir='ltr'><strong>tamen,</strong></span> <span class='ocrx_word' id='word_1_96' title='bbox 1265 2117 1345 2183; x_wconf 87' lang='lat' dir='ltr'><strong>Ver·</strong></span> 
     </span>
     <span class='ocr_line' id='line_1_14' title="bbox 335 2206 1346 2294; baseline 0.001 -23"><span class='ocrx_word' id='word_1_97' title='bbox 335 2207 450 2294; x_wconf 82' lang='lat' dir='ltr'><strong>gilium</strong></span> <span class='ocrx_word' id='word_1_98' title='bbox 471 2207 626 2292; x_wconf 77' lang='lat' dir='ltr'><strong>Euripide</strong></span> <span class='ocrx_word' id='word_1_99' title='bbox 649 2210 779 2271; x_wconf 88' lang='lat' dir='ltr'><strong>auctore</strong></span> <span class='ocrx_word' id='word_1_100' title='bbox 800 2229 897 2292; x_wconf 83' lang='lat' dir='ltr'><strong>quam</strong></span> <span class='ocrx_word' id='word_1_101' title='bbox 918 2206 1095 2272; x_wconf 75' lang='lat' dir='ltr'><strong>Aristotele</strong></span> <span class='ocrx_word' id='word_1_102' title='bbox 1114 2208 1163 2272; x_wconf 89' lang='lat' dir='ltr'><strong>uti</strong></span> <span class='ocrx_word' id='word_1_103' title='bbox 1183 2206 1346 2293; x_wconf 84' lang='lat' dir='ltr'><strong>maluisse,</strong></span> 
     </span>
     <span class='ocr_line' id='line_1_15' title="bbox 335 2295 1387 2381; baseline 0.003 -19"><span class='ocrx_word' id='word_1_104' title='bbox 335 2318 413 2362; x_wconf 85' lang='lat' dir='ltr'><strong>nam</strong></span> <span class='ocrx_word' id='word_1_105' title='bbox 437 2299 475 2362; x_wconf 90' lang='lat' dir='ltr'><strong>ut</strong></span> <span class='ocrx_word' id='word_1_106' title='bbox 493 2296 573 2361; x_wconf 90' lang='lat' dir='ltr'><strong>haec</strong></span> <span class='ocrx_word' id='word_1_107' title='bbox 591 2296 793 2381; x_wconf 81' lang='lat' dir='ltr'><strong>ignoraucrit</strong></span> <span class='ocrx_word' id='word_1_108' title='bbox 811 2296 862 2360; x_wconf 90' lang='lat' dir='ltr'><strong>uir</strong></span> <span class='ocrx_word' id='word_1_109' title='bbox 879 2301 948 2360; x_wconf 86' lang='lat' dir='ltr'><strong>tam</strong></span> <span class='ocrx_word' id='word_1_110' title='bbox 968 2297 1061 2360; x_wconf 86' lang='lat' dir='ltr'><strong>anxie</strong></span> <span class='ocrx_word' id='word_1_111' title='bbox 1080 2296 1193 2361; x_wconf 91' lang='lat' dir='ltr'><strong>doctus</strong></span> <span class='ocrx_word' id='word_1_112' title='bbox 1212 2295 1346 2361; x_wconf 88' lang='lat' dir='ltr'><strong>minime</strong></span> <span class='ocrx_word' id='word_1_113' title='bbox 1362 2324 1387 2365; x_wconf 81' lang='lat' dir='ltr'><strong>rs</strong></span> 
     </span>
     <span class='ocr_line' id='line_1_16' title="bbox 335 2382 1347 2470; baseline -0.002 -20"><span class='ocrx_word' id='word_1_114' title='bbox 335 2384 534 2450; x_wconf 74' lang='lat' dir='ltr'><strong>crediderim.</strong></span> <span class='ocrx_word' id='word_1_115' title='bbox 572 2384 641 2449; x_wconf 90' lang='lat' dir='ltr'><strong>iure</strong></span> <span class='ocrx_word' id='word_1_116' title='bbox 660 2390 767 2449; x_wconf 87' lang='lat' dir='ltr'><strong>nutem</strong></span> <span class='ocrx_word' id='word_1_117' title='bbox 787 2384 942 2470; x_wconf 85' lang='lat' dir='ltr'><strong>praetulit</strong></span> <span class='ocrx_word' id='word_1_118' title='bbox 960 2382 1164 2468; x_wconf 82' lang='lat' dir='ltr'><strong>Euripidem:</strong></span> <span class='ocrx_word' id='word_1_119' title='bbox 1188 2389 1238 2448; x_wconf 88' lang='lat' dir='ltr'><strong>cst</strong></span> <span class='ocrx_word' id='word_1_120' title='bbox 1261 2385 1347 2449; x_wconf 90' lang='lat' dir='ltr'><strong>enim</strong></span> 
     </span>
     <span class='ocr_line' id='line_1_17' title="bbox 337 2471 1347 2558; baseline 0 -21"><span class='ocrx_word' id='word_1_121' title='bbox 337 2472 453 2558; x_wconf 80' lang='lat' dir='ltr'><strong>ingens</strong></span> <span class='ocrx_word' id='word_1_122' title='bbox 482 2474 511 2537; x_wconf 89' lang='lat' dir='ltr'><strong>ei</strong></span> <span class='ocrx_word' id='word_1_123' title='bbox 539 2494 611 2537; x_wconf 93' lang='lat' dir='ltr'><strong>cum</strong></span> <span class='ocrx_word' id='word_1_124' title='bbox 639 2471 835 2537; x_wconf 86' lang='lat' dir='ltr'><strong>Graecarum</strong></span> <span class='ocrx_word' id='word_1_125' title='bbox 864 2472 1104 2557; x_wconf 80' lang='lat' dir='ltr'><strong>tragoediarum</strong></span> <span class='ocrx_word' id='word_1_126' title='bbox 1134 2472 1347 2556; x_wconf 78' lang='lat' dir='ltr'><strong>scriptoribus</strong></span> 
     </span>
    </p>

    <p class='ocr_par' dir='ltr' id='par_1_7' title="bbox 264 2560 1346 2733">
     <span class='ocr_line' id='line_1_18' title="bbox 264 2560 1346 2644; baseline -0.001 -19"><span class='ocrx_word' id='word_1_127' title='bbox 264 2577 267 2584; x_wconf 84' lang='lat'>·</span> <span class='ocrx_word' id='word_1_128' title='bbox 336 2560 558 2643; x_wconf 77' lang='lat' dir='ltr'><strong>familiaritas,</strong></span> <span class='ocrx_word' id='word_1_129' title='bbox 586 2560 670 2644; x_wconf 92' lang='lat' dir='ltr'><strong>quod</strong></span> <span class='ocrx_word' id='word_1_130' title='bbox 699 2560 750 2624; x_wconf 85' lang='lat' dir='ltr'><strong>uel</strong></span> <span class='ocrx_word' id='word_1_131' title='bbox 779 2581 817 2623; x_wconf 85' lang='lat' dir='ltr'><strong>ex</strong></span> <span class='ocrx_word' id='word_1_132' title='bbox 843 2560 1108 2643; x_wconf 84' lang='lat' dir='ltr'><strong>praecedentibus</strong></span> <span class='ocrx_word' id='word_1_133' title='bbox 1131 2561 1208 2625; x_wconf 90' lang='lat' dir='ltr'><strong>licet</strong></span> <span class='ocrx_word' id='word_1_134' title='bbox 1229 2561 1283 2625; x_wconf 89' lang='lat' dir='ltr'><strong>uel</strong></span> <span class='ocrx_word' id='word_1_135' title='bbox 1308 2581 1346 2624; x_wconf 84' lang='lat' dir='ltr'><strong>ex</strong></span> 
     </span>
     <span class='ocr_line' id='line_1_19' title="bbox 337 2647 949 2733; baseline 0 -20"><span class='ocrx_word' id='word_1_136' title='bbox 337 2647 390 2713; x_wconf 88' lang='lat' dir='ltr'><strong>his</strong></span> <span class='ocrx_word' id='word_1_137' title='bbox 428 2670 511 2733; x_wconf 88' lang='lat' dir='ltr'><strong>quae</strong></span> <span class='ocrx_word' id='word_1_138' title='bbox 535 2668 609 2712; x_wconf 84' lang='lat' dir='ltr'><strong>mox</strong></span> <span class='ocrx_word' id='word_1_139' title='bbox 633 2647 791 2730; x_wconf 86' lang='lat' dir='ltr'><strong>dicentur,</strong></span> <span class='ocrx_word' id='word_1_140' title='bbox 815 2648 949 2733; x_wconf 85' lang='lat' dir='ltr'><strong>opinari.</strong></span> 
     </span>
    </p>

    <p class='ocr_par' dir='ltr' id='par_1_8' title="bbox 282 2700 1388 2912">
     <span class='ocr_line' id='line_1_20' title="bbox 282 2700 1388 2822; baseline 0.001 -21"><span class='ocrx_word' id='word_1_141' title='bbox 282 2700 410 2801; x_wconf 86' lang='lat' dir='ltr'><strong>XVllll</strong></span> <span class='ocrx_word' id='word_1_142' title='bbox 448 2736 486 2800; x_wconf 92' lang='lat' dir='ltr'><strong>lu</strong></span> <span class='ocrx_word' id='word_1_143' title='bbox 518 2737 600 2800; x_wconf 86' lang='lat' dir='ltr'><strong>libro</strong></span> <span class='ocrx_word' id='word_1_144' title='bbox 635 2741 749 2822; x_wconf 91' lang='lat' dir='ltr'><strong>quurto</strong></span> <span class='ocrx_word' id='word_1_145' title='bbox 782 2737 815 2800; x_wconf 91' lang='lat' dir='ltr'><strong>iu</strong></span> <span class='ocrx_word' id='word_1_146' title='bbox 852 2736 1062 2801; x_wconf 87' lang='lat' dir='ltr'><strong>describenda</strong></span> <span class='ocrx_word' id='word_1_147' title='bbox 1085 2735 1215 2801; x_wconf 81' lang='lat' dir='ltr'><strong>Elissae</strong></span> <span class='ocrx_word' id='word_1_148' title='bbox 1244 2741 1388 2804; x_wconf 80' lang='lat' dir='ltr'><strong>morters</strong></span> 
     </span>
     <span class='ocr_line' id='line_1_21' title="bbox 335 2825 1215 2912; baseline 0.001 -23"><span class='ocrx_word' id='word_1_149' title='bbox 335 2827 397 2912; x_wconf 79' lang='lat' dir='ltr'><strong>ait,</strong></span> <span class='ocrx_word' id='word_1_150' title='bbox 420 2826 503 2910; x_wconf 88' lang='lat' dir='ltr'><strong>quod</strong></span> <span class='ocrx_word' id='word_1_151' title='bbox 528 2827 557 2889; x_wconf 88' lang='lat' dir='ltr'><strong>ei</strong></span> <span class='ocrx_word' id='word_1_152' title='bbox 582 2825 679 2889; x_wconf 89' lang='lat' dir='ltr'><strong>criuis</strong></span> <span class='ocrx_word' id='word_1_153' title='bbox 703 2825 847 2890; x_wconf 86' lang='lat' dir='ltr'><strong>abscisus</strong></span> <span class='ocrx_word' id='word_1_154' title='bbox 871 2831 968 2911; x_wconf 84' lang='lat' dir='ltr'><strong>esset,</strong></span> <span class='ocrx_word' id='word_1_155' title='bbox 992 2826 1044 2889; x_wconf 81' lang='lat' dir='ltr'><strong>his</strong></span> <span class='ocrx_word' id='word_1_156' title='bbox 1069 2827 1215 2891; x_wconf 88' lang='lat' dir='ltr'><strong>uersibus</strong></span> 
     </span>
    </p>
   </div>
   <div class='ocr_carea' id='block_1_5' title="bbox 378 2948 1240 3121">
    <p class='ocr_par' dir='ltr' id='par_1_9' title="bbox 378 2948 1240 3121">
     <span class='ocr_line' id='line_1_22' title="bbox 378 2948 1240 3033; baseline -0.002 -20"><span class='ocrx_word' id='word_1_157' title='bbox 378 2949 521 3013; x_wconf 90' lang='lat' dir='ltr'><strong>nondum</strong></span> <span class='ocrx_word' id='word_1_158' title='bbox 545 2948 594 3011; x_wconf 92' lang='lat' dir='ltr'><strong>illi</strong></span> <span class='ocrx_word' id='word_1_159' title='bbox 616 2948 737 3011; x_wconf 85' lang='lat' dir='ltr'><strong>flauum</strong></span> <span class='ocrx_word' id='word_1_160' title='bbox 760 2948 955 3033; x_wconf 86' lang='lat' dir='ltr'><strong>Proserpina</strong></span> <span class='ocrx_word' id='word_1_161' title='bbox 978 2950 1098 3013; x_wconf 91' lang='lat' dir='ltr'><strong>uertice</strong></span> <span class='ocrx_word' id='word_1_162' title='bbox 1123 2950 1240 3012; x_wconf 89' lang='lat' dir='ltr'><strong>crinem</strong></span> 
     </span>
     <span class='ocr_line' id='line_1_23' title="bbox 380 3034 1233 3121; baseline 0 -21"><span class='ocrx_word' id='word_1_163' title='bbox 380 3037 561 3101; x_wconf 88' lang='lat' dir='ltr'><strong>abstulerat</strong></span> <span class='ocrx_word' id='word_1_164' title='bbox 585 3034 761 3121; x_wconf 80' lang='lat' dir='ltr'><strong>Stygioque</strong></span> <span class='ocrx_word' id='word_1_165' title='bbox 785 3041 882 3119; x_wconf 88' lang='lat' dir='ltr'><strong>caput</strong></span> <span class='ocrx_word' id='word_1_166' title='bbox 906 3037 1118 3101; x_wconf 86' lang='lat' dir='ltr'><strong>damnauerat</strong></span> <span class='ocrx_word' id='word_1_167' title='bbox 1141 3034 1233 3100; x_wconf 91' lang='lat' dir='ltr'><strong>Orco.</strong></span> 
     </span>
    </p>
   </div>
   <div class='ocr_carea' id='block_1_6' title="bbox 303 3158 1384 3334">
    <p class='ocr_par' dir='ltr' id='par_1_10' title="bbox 303 3158 1384 3334">
     <span class='ocr_line' id='line_1_24' title="bbox 334 3158 1344 3224; baseline -0.001 -2"><span class='ocrx_word' id='word_1_168' title='bbox 334 3159 447 3224; x_wconf 87' lang='lat' dir='ltr'><strong>deinde</strong></span> <span class='ocrx_word' id='word_1_169' title='bbox 471 3159 534 3223; x_wconf 88' lang='lat' dir='ltr'><strong>Iris</strong></span> <span class='ocrx_word' id='word_1_170' title='bbox 563 3158 728 3223; x_wconf 87' lang='lat' dir='ltr'><strong>alunoue</strong></span> <span class='ocrx_word' id='word_1_171' title='bbox 755 3160 855 3223; x_wconf 85' lang='lat' dir='ltr'><strong>missa</strong></span> <span class='ocrx_word' id='word_1_172' title='bbox 884 3160 1022 3224; x_wconf 88' lang='lat' dir='ltr'><strong>abscidit</strong></span> <span class='ocrx_word' id='word_1_173' title='bbox 1049 3161 1078 3223; x_wconf 87' lang='lat' dir='ltr'><strong>ei</strong></span> <span class='ocrx_word' id='word_1_174' title='bbox 1103 3159 1223 3223; x_wconf 90' lang='lat' dir='ltr'><strong>crinem</strong></span> <span class='ocrx_word' id='word_1_175' title='bbox 1248 3163 1280 3222; x_wconf 89' lang='lat' dir='ltr'><strong>et</strong></span> <span class='ocrx_word' id='word_1_176' title='bbox 1304 3158 1344 3222; x_wconf 88' lang='lat' dir='ltr'><strong>ad</strong></span> 
     </span>
     <span class='ocr_line' id='line_1_25' title="bbox 303 3246 1384 3334; baseline 0.001 -21"><span class='ocrx_word' id='word_1_177' title='bbox 303 3247 453 3313; x_wconf 81' lang='lat' dir='ltr'><strong>20rcum</strong></span> <span class='ocrx_word' id='word_1_178' title='bbox 477 3247 584 3311; x_wconf 87' lang='lat' dir='ltr'><strong>refert.</strong></span> <span class='ocrx_word' id='word_1_179' title='bbox 626 3247 709 3313; x_wconf 88' lang='lat' dir='ltr'><strong>hane</strong></span> <span class='ocrx_word' id='word_1_180' title='bbox 732 3246 896 3334; x_wconf 83' lang='lat' dir='ltr'><strong>Vergilius</strong></span> <span class='ocrx_word' id='word_1_181' title='bbox 920 3271 985 3313; x_wconf 90' lang='lat' dir='ltr'><strong>non</strong></span> <span class='ocrx_word' id='word_1_182' title='bbox 1009 3248 1047 3312; x_wconf 87' lang='lat' dir='ltr'><strong>de</strong></span> <span class='ocrx_word' id='word_1_183' title='bbox 1071 3247 1173 3312; x_wconf 88' lang='lat' dir='ltr'><strong>nihilo</strong></span> <span class='ocrx_word' id='word_1_184' title='bbox 1198 3247 1343 3312; x_wconf 87' lang='lat' dir='ltr'><strong>fabulam</strong></span> <span class='ocrx_word' id='word_1_185' title='bbox 1359 3275 1384 3314; x_wconf 79' lang='lat' dir='ltr'><strong>u</strong></span> 
     </span>
    </p>
   </div>
   <div class='ocr_carea' id='block_1_7' title="bbox 333 3357 494 3366">
    <p class='ocr_par' dir='ltr' id='par_1_11' title="bbox 333 3357 494 3366">
     <span class='ocr_line' id='line_1_26' title="bbox 333 3357 494 3366; baseline -0.012 0"><span class='ocrx_word' id='word_1_186' title='bbox 333 3357 494 3366; x_wconf 86' lang='lat'><strong>-——-—-</strong></span> 
     </span>
    </p>
   </div>
   <div class='ocr_carea' id='block_1_8' title="bbox 333 3403 1342 3532">
    <p class='ocr_par' dir='ltr' id='par_1_12' title="bbox 333 3403 1342 3532">
     <span class='ocr_line' id='line_1_27' title="bbox 333 3403 1342 3532; baseline 0.002 -74"><span class='ocrx_word' id='word_1_187' title='bbox 333 3477 386 3531; x_wconf 71' lang='grc' dir='ltr'><strong>ΠΗ</strong></span> <span class='ocrx_word' id='word_1_188' title='bbox 405 3404 519 3532; x_wconf 56' lang='grc' dir='ltr'>ἒθὲὶοοίἰ</span> <span class='ocrx_word' id='word_1_189' title='bbox 538 3403 654 3461; x_wconf 79' lang='lat' dir='ltr'><strong>Aristot.</strong></span> <span class='ocrx_word' id='word_1_190' title='bbox 674 3405 851 3476; x_wconf 79' lang='lat' dir='ltr'><strong>pseudepigr.</strong></span> <span class='ocrx_word' id='word_1_191' title='bbox 871 3425 897 3476; x_wconf 89' lang='lat' dir='ltr'><strong>p.</strong></span> <span class='ocrx_word' id='word_1_192' title='bbox 917 3410 996 3461; x_wconf 81' lang='lat'>8411.</span> <span class='ocrx_word' id='word_1_193' title='bbox 1017 3410 1049 3459; x_wconf 78' lang='lat'><strong>58</strong></span> <span class='ocrx_word' id='word_1_194' title='bbox 1118 3411 1151 3459; x_wconf 63' lang='grc' dir='ltr'><strong>εν</strong></span> <span class='ocrx_word' id='word_1_195' title='bbox 1171 3404 1255 3475; x_wconf 82' lang='lat' dir='ltr'><strong>Verg.</strong></span> <span class='ocrx_word' id='word_1_196' title='bbox 1275 3405 1342 3460; x_wconf 81' lang='lat' dir='ltr'><strong>Aen.</strong></span> 
     </span>
    </p>
   </div>
   <div class='ocr_carea' id='block_1_9' title="bbox 331 3617 1346 4254">
    <p class='ocr_par' dir='ltr' id='par_1_13' title="bbox 331 3617 1346 4254">
     <span class='ocr_line' id='line_1_28' title="bbox 408 3617 1344 3687; baseline 0 -16"><span class='ocrx_word' id='word_1_197' title='bbox 408 3626 420 3671; x_wconf 92' lang='lat' dir='ltr'><strong>l</strong></span> <span class='ocrx_word' id='word_1_198' title='bbox 441 3619 545 3672; x_wconf 87' lang='lat' dir='ltr'><strong>nudum</strong></span> <span class='ocrx_word' id='word_1_199' title='bbox 565 3618 667 3671; x_wconf 84' lang='lat' dir='ltr'><strong>habero</strong></span> <span class='ocrx_word' id='word_1_200' title='bbox 690 3619 715 3670; x_wconf 90' lang='lat' dir='ltr'><strong><em>P</em></strong></span> <span class='ocrx_word' id='word_1_201' title='bbox 764 3623 779 3670; x_wconf 82' lang='lat'><strong>3</strong></span> <span class='ocrx_word' id='word_1_202' title='bbox 800 3617 951 3669; x_wconf 84' lang='lat' dir='ltr'><strong>secundum</strong></span> <span class='ocrx_word' id='word_1_203' title='bbox 966 3617 1079 3687; x_wconf 84' lang='lat' dir='ltr'><strong>scripsit</strong></span> <span class='ocrx_word' id='word_1_204' title='bbox 1094 3620 1206 3683; x_wconf 80' lang='lat' dir='ltr'><strong>scripsi:</strong></span> <span class='ocrx_word' id='word_1_205' title='bbox 1224 3617 1344 3672; x_wconf 79' lang='lat' dir='ltr'><strong>fecundo</strong></span> 
     </span>
     <span class='ocr_line' id='line_1_29' title="bbox 335 3688 1346 3759; baseline 0 -16"><span class='ocrx_word' id='word_1_206' title='bbox 335 3690 491 3759; x_wconf 74' lang='lat' dir='ltr'><strong>subscripsit</strong></span> <span class='ocrx_word' id='word_1_207' title='bbox 513 3690 541 3741; x_wconf 98' lang='lat' dir='ltr'><strong><em>P</em></strong></span> <span class='ocrx_word' id='word_1_208' title='bbox 611 3688 927 3759; x_wconf 75' lang='grc' dir='ltr'><strong>οΘΕΠΥΟΙΚΙΘΡΕΥ(</strong></span> <span class='ocrx_word' id='word_1_209' title='bbox 946 3689 973 3742; x_wconf 94' lang='grc' dir='ltr'><em>Ρ</em></span> <span class='ocrx_word' id='word_1_210' title='bbox 1043 3690 1299 3743; x_wconf 81' lang='grc' dir='ltr'>ὓΛΝΙΠΟΔΕῘΟΝ</span> <span class='ocrx_word' id='word_1_211' title='bbox 1320 3691 1346 3743; x_wconf 88' lang='grc' dir='ltr'><em>Ρ</em></span> 
     </span>
     <span class='ocr_line' id='line_1_30' title="bbox 334 3760 1344 3828; baseline -0.001 -14"><span class='ocrx_word' id='word_1_212' title='bbox 334 3761 422 3816; x_wconf 86' lang='grc' dir='ltr'>ΛΕΓΕΙ</span> <span class='ocrx_word' id='word_1_213' title='bbox 446 3762 535 3814; x_wconf 83' lang='lat' dir='ltr'><strong>dclcui</strong></span> <span class='ocrx_word' id='word_1_214' title='bbox 623 3767 684 3826; x_wconf 85' lang='lat' dir='ltr'><strong>post</strong></span> <span class='ocrx_word' id='word_1_215' title='bbox 712 3760 783 3823; x_wconf 78' lang='grc' dir='ltr'>λέγει</span> <span class='ocrx_word' id='word_1_216' title='bbox 807 3760 870 3812; x_wconf 82' lang='lat' dir='ltr'><strong>odd.</strong></span> <span class='ocrx_word' id='word_1_217' title='bbox 894 3764 963 3822; x_wconf 84' lang='grc' dir='ltr'><strong><em>γοῦν</em></strong></span> <span class='ocrx_word' id='word_1_218' title='bbox 987 3762 1030 3812; x_wconf 82' lang='grc' dir='ltr'><strong>ὅτι</strong></span> <span class='ocrx_word' id='word_1_219' title='bbox 1053 3763 1141 3813; x_wconf 78' lang='lat' dir='ltr'><strong>aesa&#39;o</strong></span> <span class='ocrx_word' id='word_1_220' title='bbox 1164 3761 1237 3813; x_wconf 66' lang='lat' dir='ltr'><strong>saule</strong></span> <span class='ocrx_word' id='word_1_221' title='bbox 1259 3762 1344 3828; x_wconf 69' lang='lat' dir='ltr'><strong>critico</strong></span> 
     </span>
     <span class='ocr_line' id='line_1_31' title="bbox 334 3829 1346 3900; baseline -0.003 -15"><span class='ocrx_word' id='word_1_222' title='bbox 334 3838 349 3886; x_wconf 78' lang='lat' dir='ltr'><strong>&#39;l</strong></span> <span class='ocrx_word' id='word_1_223' title='bbox 374 3830 535 3900; x_wconf 83' lang='grc' dir='ltr'><strong>ἀνάρβυλοι]</strong></span> <span class='ocrx_word' id='word_1_224' title='bbox 559 3831 722 3884; x_wconf 78' lang='grc' dir='ltr'><strong>ΛΡΕΥΛΛΟΙ</strong></span> <span class='ocrx_word' id='word_1_225' title='bbox 747 3830 773 3881; x_wconf 89' lang='grc' dir='ltr'><em>Ρ</em></span> <span class='ocrx_word' id='word_1_226' title='bbox 860 3836 876 3883; x_wconf 86' lang='grc'><strong>8</strong></span> <span class='ocrx_word' id='word_1_227' title='bbox 903 3830 1086 3883; x_wconf 87' lang='grc' dir='ltr'>ΠΕΔΕΙΔΟΙ(</span> <span class='ocrx_word' id='word_1_228' title='bbox 1110 3829 1137 3881; x_wconf 87' lang='lat' dir='ltr'><strong><em>P</em></strong></span> <span class='ocrx_word' id='word_1_229' title='bbox 1225 3832 1295 3884; x_wconf 86' lang='grc' dir='ltr'>ΓΟΝΙ</span> <span class='ocrx_word' id='word_1_230' title='bbox 1320 3831 1346 3882; x_wconf 87' lang='grc' dir='ltr'><strong><em>Ρ</em></strong></span> 
     </span>
     <span class='ocr_line' id='line_1_32' title="bbox 336 3900 1343 3971; baseline -0.001 -17"><span class='ocrx_word' id='word_1_231' title='bbox 336 3909 368 3956; x_wconf 86' lang='grc'><strong>10</strong></span> <span class='ocrx_word' id='word_1_232' title='bbox 386 3902 460 3971; x_wconf 65' lang='grc' dir='ltr'><strong><em>ἔθος]</em></strong></span> <span class='ocrx_word' id='word_1_233' title='bbox 480 3902 562 3954; x_wconf 81' lang='grc' dir='ltr'>ΕΕΟ(</span> <span class='ocrx_word' id='word_1_234' title='bbox 583 3902 610 3953; x_wconf 91' lang='grc' dir='ltr'><em>Ρ</em></span> <span class='ocrx_word' id='word_1_235' title='bbox 662 3900 828 3968; x_wconf 64' lang='lat' dir='ltr'><strong>apollon(</strong></span> <span class='ocrx_word' id='word_1_236' title='bbox 848 3901 875 3951; x_wconf 87' lang='lat' dir='ltr'><strong><em>P</em></strong></span> <span class='ocrx_word' id='word_1_237' title='bbox 929 3908 959 3953; x_wconf 73' lang='lat'><strong>12</strong></span> <span class='ocrx_word' id='word_1_238' title='bbox 978 3903 1043 3967; x_wconf 84' lang='grc' dir='ltr'>γάρ]</span> <span class='ocrx_word' id='word_1_239' title='bbox 1063 3902 1171 3953; x_wconf 81' lang='grc' dir='ltr'><strong>ῙΛΡΡ</strong></span> <span class='ocrx_word' id='word_1_240' title='bbox 1225 3908 1256 3953; x_wconf 79' lang='lat' dir='ltr'><strong>ld</strong></span> <span class='ocrx_word' id='word_1_241' title='bbox 1276 3908 1299 3955; x_wconf 86' lang='lat' dir='ltr'><strong>rt</strong></span> <span class='ocrx_word' id='word_1_242' title='bbox 1313 3903 1343 3954; x_wconf 85' lang='lat' dir='ltr'><strong>iu</strong></span> 
     </span>
     <span class='ocr_line' id='line_1_33' title="bbox 334 3970 1342 4039; baseline -0.001 -14"><span class='ocrx_word' id='word_1_243' title='bbox 334 3972 420 4037; x_wconf 76' lang='lat' dir='ltr'><strong>ptulit</strong></span> <span class='ocrx_word' id='word_1_244' title='bbox 434 3974 440 4039; x_wconf 89' lang='grc' dir='ltr'>Ι</span> <span class='ocrx_word' id='word_1_245' title='bbox 455 3974 487 4026; x_wconf 82' lang='lat' dir='ltr'><strong>in</strong></span> <span class='ocrx_word' id='word_1_246' title='bbox 505 3990 560 4026; x_wconf 79' lang='lat' dir='ltr'><strong>rus.</strong></span> <span class='ocrx_word' id='word_1_247' title='bbox 580 3973 611 4024; x_wconf 81' lang='lat' dir='ltr'><strong>iu</strong></span> <span class='ocrx_word' id='word_1_248' title='bbox 629 3971 657 4023; x_wconf 94' lang='lat' dir='ltr'><em>P</em></span> <span class='ocrx_word' id='word_1_249' title='bbox 727 3975 759 4022; x_wconf 78' lang='grc'><strong>19</strong></span> <span class='ocrx_word' id='word_1_250' title='bbox 779 3971 885 4038; x_wconf 63' lang='lat' dir='ltr'><strong>uisse}</strong></span> <span class='ocrx_word' id='word_1_251' title='bbox 902 3970 929 4022; x_wconf 89' lang='lat' dir='ltr'>P</span> <span class='ocrx_word' id='word_1_252' title='bbox 985 3976 1020 4021; x_wconf 80' lang='lat'><strong>20</strong></span> <span class='ocrx_word' id='word_1_253' title='bbox 1039 3973 1070 4023; x_wconf 82' lang='lat' dir='ltr'><strong>ia</strong></span> <span class='ocrx_word' id='word_1_254' title='bbox 1087 3972 1136 4024; x_wconf 79' lang='lat' dir='ltr'><strong>doc</strong></span> <span class='ocrx_word' id='word_1_255' title='bbox 1154 3971 1276 4038; x_wconf 82' lang='lat' dir='ltr'><strong>capitulo</strong></span> <span class='ocrx_word' id='word_1_256' title='bbox 1295 3972 1342 4024; x_wconf 83' lang='lat' dir='ltr'><strong>ud·</strong></span> 
     </span>
     <span class='ocr_line' id='line_1_34' title="bbox 332 4039 1343 4108; baseline 0 -14"><span class='ocrx_word' id='word_1_257' title='bbox 332 4044 451 4096; x_wconf 79' lang='lat' dir='ltr'><strong>scribom</strong></span> <span class='ocrx_word' id='word_1_258' title='bbox 469 4043 593 4096; x_wconf 75' lang='lat' dir='ltr'><strong>lectionis</strong></span> <span class='ocrx_word' id='word_1_259' title='bbox 607 4043 768 4094; x_wconf 70' lang='lat' dir='ltr'><strong>uarietatem</strong></span> <span class='ocrx_word' id='word_1_260' title='bbox 781 4058 814 4094; x_wconf 79' lang='lat' dir='ltr'><strong>en</strong></span> <span class='ocrx_word' id='word_1_261' title='bbox 829 4042 918 4094; x_wconf 82' lang='lat' dir='ltr'><strong>codice</strong></span> <span class='ocrx_word' id='word_1_262' title='bbox 936 4039 1069 4094; x_wconf 81' lang='lat' dir='ltr'><strong>Vaticano</strong></span> <span class='ocrx_word' id='word_1_263' title='bbox 1084 4040 1253 4108; x_wconf 58' lang='lat' dir='ltr'><strong>ildephonsi)</strong></span> <span class='ocrx_word' id='word_1_264' title='bbox 1267 4046 1343 4095; x_wconf 71' lang='lat'><em>2013</em></span> 
     </span>
     <span class='ocr_line' id='line_1_35' title="bbox 331 4111 1342 4178; baseline 0 -14"><span class='ocrx_word' id='word_1_265' title='bbox 331 4113 439 4167; x_wconf 69' lang='lat' dir='ltr'><strong>samu</strong></span> <span class='ocrx_word' id='word_1_266' title='bbox 470 4113 519 4164; x_wconf 84' lang='lat' dir='ltr'><strong>XI</strong></span> <span class='ocrx_word' id='word_1_267' title='bbox 547 4112 592 4166; x_wconf 79' lang='lat' dir='ltr'><strong>uel</strong></span> <span class='ocrx_word' id='word_1_268' title='bbox 623 4111 695 4163; x_wconf 85' lang='lat' dir='ltr'><strong>XII</strong></span> <span class='ocrx_word' id='word_1_269' title='bbox 719 4112 821 4178; x_wconf 78' lang='lat' dir='ltr'><strong>scripto</strong></span> <span class='ocrx_word' id='word_1_270' title='bbox 848 4111 884 4164; x_wconf 84' lang='lat' dir='ltr'><strong>ub</strong></span> <span class='ocrx_word' id='word_1_271' title='bbox 908 4111 1029 4164; x_wconf 78' lang='lat' dir='ltr'><strong>ilenrico</strong></span> <span class='ocrx_word' id='word_1_272' title='bbox 1054 4111 1179 4164; x_wconf 82' lang='lat' dir='ltr'><strong>Iordane</strong></span> <span class='ocrx_word' id='word_1_273' title='bbox 1207 4115 1342 4165; x_wconf 78' lang='lat' dir='ltr'><strong>euolutam</strong></span> 
     </span>
     <span class='ocr_line' id='line_1_36' title="bbox 333 4180 1345 4254; baseline -0.001 -19"><span class='ocrx_word' id='word_1_274' title='bbox 333 4188 366 4235; x_wconf 80' lang='lat'><strong>23</strong></span> <span class='ocrx_word' id='word_1_275' title='bbox 383 4181 500 4254; x_wconf 76' lang='lat' dir='ltr'><strong>ltrgrolq.</strong></span> <span class='ocrx_word' id='word_1_276' title='bbox 517 4183 545 4235; x_wconf 92' lang='lat' dir='ltr'><em>P</em></span> <span class='ocrx_word' id='word_1_277' title='bbox 587 4181 791 4251; x_wconf 82' lang='lat' dir='ltr'><strong>duurpnauerat</strong></span> <span class='ocrx_word' id='word_1_278' title='bbox 804 4180 857 4235; x_wconf 67' lang='lat'><strong>1²12</strong></span> <span class='ocrx_word' id='word_1_279' title='bbox 894 4186 928 4235; x_wconf 77' lang='lat'><strong>24</strong></span> <span class='ocrx_word' id='word_1_280' title='bbox 943 4182 1043 4236; x_wconf 82' lang='lat' dir='ltr'><strong>derude</strong></span> <span class='ocrx_word' id='word_1_281' title='bbox 1059 4212 1089 4221; x_wconf 85' lang='lat'>-</span> <span class='ocrx_word' id='word_1_282' title='bbox 1107 4187 1140 4235; x_wconf 74' lang='lat'><strong>25</strong></span> <span class='ocrx_word' id='word_1_283' title='bbox 1155 4181 1241 4236; x_wconf 78' lang='lat' dir='ltr'><strong>reicit</strong></span> <span class='ocrx_word' id='word_1_284' title='bbox 1254 4198 1305 4236; x_wconf 78' lang='lat' dir='ltr'><strong>oui.</strong></span> <span class='ocrx_word' id='word_1_285' title='bbox 1319 4181 1345 4234; x_wconf 91' lang='lat' dir='ltr'><strong><em>P</em></strong></span> 
     </span>
    </p>
   </div>
   <div class='ocr_carea' id='block_1_10' title="bbox 0 0 1676 5190">
    <p class='ocr_par' dir='ltr' id='par_1_14' title="bbox 0 0 1676 5190">
     <span class='ocr_line' id='line_1_37' title="bbox 0 0 1676 5190; baseline 0 0"><span class='ocrx_word' id='word_1_286' title='bbox 0 0 1676 5190; x_wconf 95' lang='lat' dir='ltr'><strong> </strong></span> 
     </span>
    </p>
   </div>
  </div>
 </body>
</html>
