3322 5190
650 816 690 872 vl
709 823 776 873 1⁶-
778 823 812 873 21
841 815 893 874 vn
912 823 981 874 l-tl
1248 819 1316 886 433

300 999 414 1063 sapere
442 977 568 1044 bomini
596 979 792 1045 ministrant
840 980 922 1047 dura
949 1002 1077 1067 quoque
1104 1002 1176 1048 esse
1200 984 1368 1052 senum20

300 1087 438 1151 corpora
465 1066 558 1133 nulla
583 1068 745 1134 dubitatio
768 1072 830 1148 est,
859 1072 893 1135 et
915 1069 1020 1135 ideo
1010 1070 1074 1154 rpsi
1098 1070 1197 1136 otiam
1220 1073 1314 1137 uatu-

301 1154 385 1221 rales
418 1156 586 1221 meatus
576 1178 611 1221 m
644 1158 798 1223 membris
828 1157 1012 1224 durioribus
1041 1158 1248 1243 obserantur,
1280 1165 1314 1228 et

300 1242 418 1309 hausto
445 1244 522 1309 uino
550 1244 714 1311 exhalatio
741 1246 832 1310 nulla
855 1245 1030 1331 contingit,
1057 1246 1114 1311 sed
1141 1209 1248 1312 totuui
1273 1248 1314 1314 ad

273 1331 405 1416 cipaam
437 1331 545 1397 sedam
578 1332 697 1398 mentis
730 1333 880 1399 ascendit.
932 1334 1008 1399 hinc
1034 1334 1086 1418 lit,
1117 1337 1155 1398 ut
1182 1338 1215 1400 et
1242 1357 1314 1402 sam
1305 1337 1365 1404 21

300 1442 394 1486 senes
422 1421 517 1485 malis
542 1421 706 1486 ebriorum
730 1422 894 1507 laborent,
921 1425 1060 1488 tremore
1084 1423 1313 1504 membrorum,

300 1508 431 1595 linguae
466 1509 657 1592 titubantia,
694 1511 892 1576 nlnrndantia
923 1511 1091 1597 loquendi,
1128 1513 1312 1579 iracundiae
1349 1560 1352 1567 -

300 1600 527 1681 concitatione,
551 1598 669 1685 quibus
688 1602 755 1665 tam
775 1601 944 1667 subiacent
961 1602 1094 1667 iuuenes
1113 1601 1194 1668 ebrii
1215 1625 1313 1688 quam

301 1711 393 1755 senes
413 1689 521 1754 sobrii.
555 1689 582 1755 ai
602 1710 679 1776 ergo
698 1691 803 1756 leuem
822 1691 1018 1776 pertulerint
1037 1691 1214 1777 impulsum
1234 1692 1313 1777 uini,

260 1800 365 1846 conon
389 1779 554 1864 accipiunt
575 1779 656 1845 haec
679 1781 780 1865 mala,
806 1780 860 1846 sed
883 1781 1031 1866 incitant,
1054 1781 1171 1866 quibus
1195 1782 1312 1849 aetatis

299 1870 425 1934 ratione
448 1868 512 1934 iam
537 1869 625 1955 capti
649 1868 748 1934 sunt’

387 1956 532 2024 Probata
564 1958 715 2024 omnibus
747 1958 869 2025 Disarii
902 1958 1123 2045 disputatione
1157 1958 1368 2028 subiecitVII

299 2046 516 2130 Symmachus
554 2046 603 2111 ‘ut
638 2049 785 2131 spectata
821 2050 873 2112 est
907 2050 979 2112 tota
1009 2047 1108 2132 ratio,
1144 2068 1242 2131 quam
1276 2048 1315 2115 de

299 2134 467 2200 muliebria
486 2135 654 2199 ebrietatis
672 2137 810 2200 raritate
825 2134 974 2199 Disarins
993 2136 1127 2218 inuenit,
1146 2137 1194 2200 ita
1212 2158 1314 2202 unum

259 2248 285 2288 ιι
299 2223 341 2287 ab
360 2243 398 2286 ιο
417 2222 684 2305 praetermissum
703 2227 762 2305 eat,
779 2223 881 2287 nimio
900 2222 1032 2307 frigore,
1051 2223 1136 2306 quod
1153 2222 1188 2288 in
1201 2245 1314 2289 aarum

299 2330 432 2394 corpora
459 2312 523 2392 est,
550 2308 723 2394 frigescere
751 2310 904 2375 haustum
932 2311 1045 2375 uinum
1075 2312 1108 2375 ct
1130 2311 1177 2376 ita
1200 2310 1314 2376 debili·

298 2399 371 2476 tori,
394 2399 432 2462 ut
449 2398 500 2462 uis
519 2397 599 2482 eius,
617 2420 699 2483 quae
718 2397 874 2484 elanguit,
892 2398 1019 2463 nullum
1039 2398 1143 2482 possit
1161 2398 1314 2482 calorem,

300 2487 339 2552 de
362 2507 427 2571 quo
450 2486 594 2552 nascitur
616 2486 767 2571 ebrietas,
789 2485 952 2554 excitare?

389 2574 441 2641 nd
464 2575 544 2641 haec
567 2573 677 2642 llorne
701 2573 749 2641 ‘tu
768 2597 856 2663 uero,
879 2573 1082 2662 Symmacho,
1105 2576 1229 2641 frustra
1248 2575 1347 2661 opi-2

261 2666 407 2750 acuaris,
435 2665 588 2752 frigidam
622 2687 693 2732 esse
725 2665 896 2731 mulierum
930 2669 1095 2748 naturam,
1127 2687 1225 2752 quam
1254 2685 1316 2751 ego

302 2754 489 2821 calidiorem
513 2755 616 2839 nirili,
646 2753 675 2820 si
702 2755 763 2821 tibi
791 2755 917 2822 uolenti
945 2756 1020 2839 erit,
1043 2755 1136 2820 facile
1163 2754 1317 2840 probabo.

303 2843 422 2912 humor
456 2844 615 2910 naturalia
652 2845 686 2910 in
722 2866 869 2930 corpora,
907 2845 1035 2931 quando
1073 2847 1162 2910 aetas
1199 2844 1350 2914 transitd

303 2933 486 3019 pueritiam,
517 2934 556 2998 fit
588 2933 699 2999 durior
726 2939 760 3000 et
787 2934 912 2999 acuitur
938 2934 973 2999 in
995 2933 1090 3019 pilos.
1140 2932 1213 2999 ideo
1240 2936 1319 2999 tunc

303 3025 337 3086 et
359 3022 461 3106 pubes
486 3025 520 3088 et
541 3043 645 3108 genae
668 3025 702 3089 et
724 3023 808 3089 aliae
831 3026 941 3108 partes
961 3023 1106 3108 corporis
1125 3021 1319 3088 nestiuntur.

263 3137 290 3179 ιι
304 3109 359 3176 sed
379 3110 411 3175 in
432 3110 584 3176 muliebri
602 3133 738 3198 corpora
755 3112 843 3178 hunc
860 3112 1030 3178 humorem
1050 3111 1157 3178 calore
1177 3110 1320 3177 siccante

301 3200 339 3265 fit
370 3199 484 3286 inopia
516 3200 669 3286 pilorum,
702 3205 736 3267 et
766 3200 838 3267 ideo
869 3203 904 3268 in
937 3223 1072 3287 corpore
1100 3220 1196 3265 sexus
1223 3199 1319 3266 huius

301 3291 413 3355 manat
440 3289 612 3356 continuus
641 3291 795 3377 splendor
822 3294 856 3357 ot
882 3291 1011 3357 leuitas.
1057 3292 1108 3356 est
1135 3292 1169 3354 et
1194 3288 1258 3355 hoc
1283 3289 1350 3362 in4

300 3378 367 3444 illis
382 3378 535 3444 iudicium
551 3380 678 3463 caloris,
692 3379 893 3446 abundantia
907 3378 1079 3466 sanguinis
1094 3378 1185 3445 cuius
1200 3381 1319 3445 natura

301 3466 412 3533 feruor
434 3470 493 3553 cat,
516 3468 572 3554 qui
595 3491 636 3534 ne
659 3430 736 3535 drat
758 3491 885 3574 corpus,
907 3469 935 3535 si
958 3468 1089 3551 insidat,
1112 3467 1228 3534 crebra
1245 3489 1319 3553 pur·

261 3585 288 3626 ro
302 3556 434 3644 gatiano
467 3557 677 3624 subtrahitur.
728 3559 801 3645 quis
829 3579 907 3645 ergo
935 3558 1024 3626 dicat
1051 3518 1203 3645 frigidas,
1237 3580 1318 3662 quas

303 3668 398 3712 uerno
434 3649 545 3732 potest
576 3669 698 3734 negare
731 3649 844 3733 plenas
879 3648 1012 3734 catoris,
1048 3647 1125 3734 quia
1158 3645 1319 3734 sanguiue

302 3736 417 3820 plenae
436 3739 514 3801 sunt
499 3736 535 3802 t?
573 3736 688 3802 deinde
706 3737 785 3803 licet
802 3737 916 3803 urendi
936 3759 1074 3823 corpora
1092 3735 1350 3810 defunctorumb

302 3845 381 3889 usus
403 3826 516 3891 nostro
540 3826 668 3892 sacculo
691 3825 802 3891 nullus
826 3827 883 3907 nit,
906 3827 1004 3892 lectio
1028 3829 1139 3890 tamen
1162 3823 1258 3890 docet
1279 3844 1318 3890 eo

303 3915 450 3997 tempore
478 3935 542 3999 quc
572 3915 640 4000 igni
669 3914 738 3979 dari
765 3915 871 3980 bonor
894 3914 1032 3980 mortuis
1056 3912 1251 3997 habebatur,
1279 3913 1319 3978 si·

264 4027 290 4069 rr
304 4001 433 4087 quando
457 4023 518 4067 usu
542 4003 695 4088 uenisset,
717 4006 753 4067 ut
775 4005 870 4088 plura
892 4024 1030 4089 corpora
1052 4001 1149 4068 simul
1171 4000 1319 4068 incende·

377 4197 409 4246 1⁹
428 4191 551 4248 simacho
571 4194 599 4248 P
652 4199 687 4249 ιι
706 4192 901 4250 habundautra
919 4194 948 4249 P

357 4289 500 4333 Mncnonrvr
1071 4288 1106 4338 28
