3322 5190
395 829 460 896 448
771 829 849 884 sur.
868 827 966 884 mem
986 829 1036 882 vu

396 993 496 1060 iubilo
520 997 553 1058 et
576 993 752 1058 marcidum
778 995 841 1075 est,
864 997 905 1076 et,
928 992 991 1057 nisi
1015 992 1155 1076 quodam
1179 992 1309 1057 uinculo
1334 1014 1409 1057 con-

397 1083 553 1164 tineatur,
580 1082 676 1147 facile
704 1081 824 1146 defluit.
872 1081 1054 1146 continetur
1083 1085 1204 1164 autern,
1234 1102 1330 1164 quem
1355 1081 1410 1145 diu

398 1173 494 1254 inest,
517 1170 626 1235 anima
649 1169 901 1255 reciprocatione
925 1171 1018 1252 aeris,
1041 1190 1106 1252 qua
1124 1173 1317 1254 uegetsntur
1337 1191 1409 1234 con·

398 1258 568 1343 ceptacule
586 1259 729 1342 spiritus,
753 1257 828 1323 dum
850 1279 976 1342 semper
994 1278 1081 1320 nouo
1100 1257 1245 1340 spirandi
1264 1258 1410 1322 nutriun-

367 1351 452 1414 4tur
490 1346 655 1412 alimento.
709 1344 771 1411 hoc
803 1351 951 1411 cessante
985 1367 1040 1429 per
1073 1346 1199 1410 enimes
1232 1345 1410 1411 discessum
1437 1370 1450 1409 e

399 1435 545 1502 membra
568 1439 780 1519 marcescunt,
805 1439 839 1499 et
861 1456 956 1500 omne
980 1433 1121 1518 pondere
1144 1455 1202 1499 suo
1226 1435 1410 1499 conflictum

399 1546 517 1609 eorpus
547 1525 716 1590 obteritur.
761 1529 831 1588 turn
859 1523 992 1608 sanguis
1016 1524 1127 1607 etiam,
1156 1523 1210 1607 qui
1235 1546 1332 1608 quam
1357 1523 1410 1587 diu

399 1614 462 1679 init
489 1634 622 1697 compos
649 1613 781 1697 caloris,
811 1612 909 1676 dabat
936 1612 1089 1676 membris
1117 1612 1278 1697 uigorem,
1305 1613 1411 1676 calore

401 1701 585 1766 discedente
612 1722 726 1766 uersus
754 1701 786 1765 in
816 1702 938 1765 saniem
967 1722 1033 1765 non
1062 1704 1171 1764 manet
1193 1700 1279 1765 intra
1302 1722 1412 1783 uenas,

401 1788 456 1854 sed
489 1788 576 1853 foras
610 1789 815 1872 exprimitur,
848 1793 944 1872 etque
977 1790 1025 1852 ita
1057 1788 1175 1852 laxatis
1204 1789 1411 1871 spiramentis
1428 1812 1452 1849 ro

373 1877 509 1942 beffluit
531 1876 625 1940 tobes
648 1875 838 1941 faeculenta.
885 1876 917 1940 id
940 1877 1009 1940 fieri
1033 1876 1081 1941 ssi
1106 1875 1267 1940 admixtus
1286 1877 1413 1960 corpori

404 1962 564 2049 prohibet.
606 1969 654 2029 est
677 1965 762 2028 enim
785 1969 902 2029 natura
921 1965 1024 2029 siccus
1047 1969 1080 2028 et
1098 1963 1221 2028 calidus
1241 1969 1273 2028 ct
1291 1965 1413 2029 fluxum

405 2053 533 2138 quidem
560 2053 705 2136 corporis
728 2053 836 2117 calore
860 2053 1035 2132 contrahit,
1063 2053 1230 2118 humorem
1255 2075 1332 2117 uero
1356 2054 1414 2117 sic·

404 2142 502 2206 citata
530 2142 581 2206 uel
610 2145 736 2205 coercet
763 2141 813 2204 uei
843 2143 1000 2206 exsorbet.
1045 2146 1131 2206 certe
1154 2141 1322 2205 humorem
1346 2143 1414 2206 sale

404 2229 525 2294 differri
549 2230 617 2293 siue
641 2230 786 2293 consumi
811 2230 848 2292 iit
870 2229 945 2294 hinc
968 2230 1101 2314 cognitu
1124 2228 1233 2311 facile,
1259 2229 1359 2314 quod,
1387 2231 1414 2294 si
1431 2251 1454 2292 rs

404 2316 484 2382 duos
503 2338 605 2401 penes
623 2318 694 2399 pari
714 2316 937 2402 magnitudine
957 2318 1078 2399 feceris,
1101 2339 1201 2381 unum
1221 2317 1287 2382 saie
1307 2339 1414 2401 asper·

405 2428 486 2488 sum,
510 2405 579 2469 sine
601 2406 668 2469 sale
687 2407 835 2488 alterum,
858 2406 1002 2469 inuenies
1021 2406 1219 2491 indigentem
1241 2405 1319 2469 selis
1337 2428 1415 2489 pou·

402 2493 477 2558 dere
510 2493 767 2579 propensiorem,
799 2494 924 2559 scilicet
955 2494 1090 2558 humore
1123 2495 1156 2557 in
1185 2514 1222 2558 eo
1251 2515 1308 2576 per
1337 2494 1416 2558 satis

401 2582 568 2666 penuriam
592 2581 821 2667 permanente?

371 2672 391 2736 6
491 2670 552 2735 ‘Et
570 2671 631 2734 hoc
651 2669 816 2735 aDisario
837 2693 908 2735 meo
928 2671 1112 2756 quaesitum
1132 2672 1217 2753 nole,
1237 2692 1293 2734 eur
1312 2671 1415 2734 desae·
1430 2693 1457 2733 eo

401 2764 510 2825 catum
544 2761 657 2824 uinum
691 2761 830 2825 ualidius
864 2763 907 2825 sit
940 2762 1064 2824 uiribus
1098 2761 1154 2824 sed
1186 2761 1346 2825 infirmius
1375 2761 1415 2826 ad

402 2850 654 2934 permanendum
682 2855 714 2912 ct
738 2855 804 2914 tarn
830 2851 994 2915 bibentem
1018 2852 1082 2914 cito
1107 2855 1287 2934 permonet,
1319 2873 1415 2933 quam

372 2941 520 3021 iipsnm,
545 2938 571 3002 si
596 2940 764 3022 manserit,
788 2939 881 3003 facile
906 2938 1089 3003 mutaturt'
1136 2939 1236 3023 ‘quod
1261 2939 1343 3003 cito'
1367 2942 1414 3002 in·

403 3027 475 3110 quit
502 3025 651 3090 Disarius
680 3027 688 3054 ³
697 3033 878 3110 permonet,
906 3029 986 3092 baec
1015 3029 1098 3090 intio
1127 3032 1189 3110 est,
1217 3029 1292 3111 quia
1321 3032 1414 3090 tanto

403 3114 635 3197 penetrabilius
668 3115 808 3179 efficitur
841 3116 874 3179 iu
907 3138 1008 3178 uenas
1037 3115 1193 3197 bibentis,
1225 3119 1347 3198 quanto
1377 3116 1455 3177 titas

403 3201 557 3285 liquidius
587 3202 675 3266 faece
704 3207 852 3286 purgata.
899 3203 969 3266 ideo
999 3206 1108 3266 autern
1139 3202 1233 3266 facile
1262 3207 1415 3285 mutatur,

403 3289 489 3374 quod
513 3291 603 3354 nullo
628 3291 834 3354 firmamento
858 3292 967 3354 nixum
993 3291 1132 3374 undique
1158 3291 1206 3354 sui
1232 3290 1271 3353 ud
1295 3313 1413 3354 noxum

404 3383 503 3463 patet.
550 3379 621 3444 foex
651 3380 735 3443 enim
765 3381 841 3444 uiiro
870 3380 1059 3444 sustinendo
1087 3385 1119 3443 ct
1143 3380 1257 3443 alendo
1281 3384 1314 3443 et
1339 3380 1414 3443 uiri-

403 3469 463 3532 bus
488 3468 684 3532 sufficiendis
709 3471 799 3552 quusi
824 3469 915 3533 radix
940 3471 1007 3533 cius
1032 3468 1102 3532 cst'

373 3557 392 3620 8
493 3556 553 3619 ‘Et
585 3558 646 3620 hoe
679 3557 814 3640 quaero'
844 3557 988 3621 Auienus
1018 3560 1064 3620 nit
1087 3557 1160 3620 ‘cur
1188 3558 1258 3620 faex
1287 3558 1320 3621 iu
1349 3558 1414 3622 imo
1431 3583 1457 3622 eo

403 3643 543 3707 subsidit
566 3644 712 3707 omnium
736 3646 800 3707 nisi
824 3645 942 3727 mellis,
967 3646 1028 3708 mel
1055 3646 1160 3708 solum
1184 3648 1248 3726 est,
1263 3645 1357 3729 >quod
1382 3645 1415 3708 in

403 3753 564 3795 summum
599 3733 720 3797 faecem
754 3733 911 3817 expuat‘i'
961 3733 1000 3797 ad
1034 3734 1094 3798 boc
1123 3732 1271 3797 Diserius
1300 3733 1414 3798 ‘faecis

403 3821 548 3902 materia,
573 3826 609 3885 ut
627 3823 733 3905 spissa
753 3828 850 3907 utque
870 3827 1006 3906 terrena,
1031 3824 1145 3887 ceteris
1167 3823 1316 3888 laticibus
1336 3846 1414 3908 pon·

474 4054 489 4102 8
510 4050 596 4117 copes
610 4052 638 4105 P
696 4059 724 4104 11
747 4052 876 4105 titulante
898 4051 925 4103 P
980 4058 1013 4105 14
1032 4054 1064 4106 in
1082 4052 1207 4107 exturbet
1225 4053 1257 4107 in
1275 4068 1330 4107 ras.
1350 4058 1415 4107 sunt

403 4118 464 4173 forb
482 4122 514 4175 in
535 4121 562 4172 P
622 4129 653 4175 19
674 4130 790 4190 penuru‘e
808 4124 838 4178 in
857 4138 912 4178 ros.
932 4123 963 4177 iu
983 4123 1010 4175 P
1067 4130 1098 4176 21
1119 4124 1155 4176 fit
1173 4124 1201 4177 P
1257 4128 1290 4176 22
1310 4124 1416 4176 ettam

403 4189 546 4245 bibentem
565 4208 614 4247 ovar.
635 4193 663 4246 P
