3442 5190
756 816 858 873 xnnn
879 822 984 873 rr-ao
1318 816 1380 881 131

367 1004 427 1068 qus
454 981 488 1047 in
516 979 710 1046 desiderium
739 980 821 1047 alios
849 979 999 1046 audiendi
1028 1001 1093 1046 non
1120 978 1204 1044 uidit
1229 981 1263 1044 st
1290 1000 1324 1044 se
1348 979 1384 1044 in

366 1070 449 1136 idem
479 1092 595 1136 munus
624 1070 817 1136 nocendum.
864 1070 975 1154 itaque
1003 1069 1137 1135 hortatu
1164 1071 1279 1134 mutuo
1307 1089 1383 1133 oon-

366 1158 457 1224 oitati
488 1160 522 1224 in
555 1157 729 1224 adsensum
760 1159 856 1223 facile
890 1180 928 1222 ao
960 1158 1100 1223 libenter
1132 1156 1266 1222 animati
1296 1160 1382 1241 sunt,

366 1249 591 1332 intuentesque
610 1269 721 1314 omnes
736 1247 982 1311 Praetextatum
1002 1247 1151 1329 orabant,
1169 1249 1206 1310 ut
1226 1245 1381 1311 iudicium

339 1336 599 1490 ssupmdprifmus
619 1337 769 1490 qperireq,
787 1335 903 1439 ceteris
924 1357 980 1420 per
994 1334 1152 1416 ordinem,
1172 1357 1266 1420 quem
1287 1356 1382 1400 ossus

367 1446 400 1490 ae
422 1447 495 1490 enr
532 1447 626 1490 eaera
674 1446 749 1491 secu
766 1447 843 1490 urrs.

450 1513 495 1578 ua
517 1476 651 1579 Vettius,
673 1513 834 1598 ‘equidem
858 1513 944 1577 inter
969 1512 1092 1597 omnia,
1116 1512 1234 1597 quibus
1259 1512 1381 1577 eminet
1394 1525 1433 1589 1ss

364 1601 434 1666 laus
456 1601 613 1682 Maronis,
637 1603 699 1668 hoo
723 1602 876 1668 adsiduus
899 1602 999 1666 leolor
1023 1601 1178 1680 admiror,
1205 1600 1283 1686 quia
1306 1601 1380 1666 doe·

365 1690 488 1755 tissime
512 1691 570 1756 ius
594 1690 860 1773 pontificium,
883 1693 1050 1773 tamquam
1070 1690 1132 1755 hoo
1150 1689 1328 1774 professas,
1346 1690 1382 1754 in

312 1801 353 1844 lo
366 1779 467 1845 multa
489 1782 523 1845 et
545 1780 638 1846 uaria
661 1780 767 1866 operis
792 1780 843 1845 sui
867 1782 960 1866 parte
979 1778 1134 1862 seruauit,
1156 1782 1199 1864 et,
1222 1779 1249 1844 si
1270 1780 1381 1845 tantae

365 1870 584 1937 dissertationi
617 1891 724 1935 sermo
757 1892 823 1936 non
855 1869 1006 1955 cesserit,
1037 1869 1194 1954 promitto
1226 1867 1312 1952 fore,
1345 1872 1383 1934 ut

366 1959 529 2046 Vergilius
552 1963 665 2026 noster
688 1960 835 2046 pontifex
859 1959 1021 2024 maximus
1046 1956 1235 2024 adseratur’.

452 2048 533 2113 Post
558 2049 644 2115 hunc
668 2048 842 2113 Flauianus
867 2047 964 2133 ‘apud
993 2050 1124 2133 poetam
1149 2046 1308 2113 nostrum'
1332 2047 1433 2124 in-17

365 2137 434 2220 quit
456 2137 592 2203 ‘tantam
617 2138 786 2202 scientiam
815 2137 910 2201 iuris
939 2137 1141 2221 auguralis
1165 2136 1313 2218 inuenio,
1335 2139 1381 2218 ut,

306 2225 391 2288 1ssi
411 2226 548 2289 aliarum
578 2225 825 2308 disciplinarum
853 2225 1001 2288 doctrina
1029 2224 1273 2307 destitueretur,
1300 2223 1381 2288 haee

365 2312 456 2377 illum
480 2312 532 2377 uel
556 2313 628 2377 sola
650 2312 810 2397 professio
835 2310 1046 2376 sublimaret'.

452 2399 646 2465 Eustathius
673 2399 788 2465 deinde
815 2397 977 2465 ‘maxims'
1003 2398 1109 2483 inquit
1137 2398 1433 2486 ‘praedicarem,18

365 2494 484 2575 quauta
512 2489 555 2554 de
584 2489 743 2556 Graecis
771 2493 883 2554 cautus
912 2492 945 2554 et
972 2492 1138 2573 tamquam
1168 2488 1253 2554 aliud
1279 2509 1379 2575 agens

366 2578 462 2644 modo
486 2578 604 2644 artifici
628 2579 887 2644 dissimulatione
910 2578 1007 2644 modo
1028 2578 1177 2664 professa
1195 2578 1380 2644 imitatione

307 2684 353 2728 2⁰
367 2667 635 2750 transtulerit,
657 2666 690 2732 ni
710 2690 761 2732 mo
780 2667 886 2732 maior
904 2666 1077 2733 admiratio
1096 2668 1135 2731 da
1160 2666 1380 2752 astrologia

366 2759 496 2841 totaque
518 2755 774 2841 philosophia
797 2758 929 2837 teneret,
948 2777 1044 2840 quam
1065 2776 1181 2839 paraus
1200 2758 1233 2820 et
1251 2755 1380 2820 sobrius

364 2844 454 2928 operi
477 2866 534 2910 suo
558 2866 717 2929 nusquam
741 2843 1021 2928 reprehendendus
1045 2843 1206 2928 aspersit'.

452 2931 569 2997 Furius
592 2933 733 2998 Albinus
761 2934 900 2997 alterum
928 2931 1042 3015 fouens
1066 2933 1267 2997 Praetextati
1290 2933 1378 2997 latus
1392 2945 1432 3010 19

365 3019 517 3105 iuxtaque
536 3042 609 3086 eum
628 3020 768 3087 Caecina
788 3021 936 3106 Albinus,
960 3021 1056 3087 ambo
1081 3022 1292 3086 uetustatis
1317 3021 1378 3086 ad·

319 3108 617 3175 assentationem
645 3111 679 3175 in
703 3109 850 3195 Vergilio
874 3110 1119 3195 praedicabant,
1147 3110 1229 3175 alter
1252 3111 1286 3174 in
1309 3131 1378 3175 uer·

364 3197 460 3280 sibus,
484 3196 625 3263 Caecina
647 3198 680 3262 in
704 3199 823 3264 uerbis.

450 3283 594 3350 Auienus
622 3285 701 3352 ‘non
729 3287 898 3351 adsumam
927 3286 1019 3351 mihi’
1048 3287 1096 3350 ait
1118 3286 1167 3350 ‘ut
1194 3309 1292 3350 unam
1322 3286 1433 3363 ali-20

432 3555 449 3604 6
467 3550 523 3604 rtet
541 3550 572 3604 ia
590 3549 714 3619 aperiret
731 3554 757 3604 st
775 3548 878 3604 eetenl
892 3549 924 3604 trs
941 3564 997 3604 ras.
1015 3549 1048 3605 in
1066 3550 1095 3604 P
1156 3554 1172 3603 6
1190 3548 1215 3603 rl'
1230 3551 1263 3605 ta
1281 3548 1378 3620 lequu-

363 3619 434 3675 tuul
448 3621 480 3676 tn
498 3636 553 3676 ras.
572 3622 605 3676 in
622 3621 651 3675 P
693 3626 710 3675 8
729 3619 806 3675 roms
820 3622 853 3675 a'n
871 3620 994 3675 maronis
1009 3622 1040 3675 in
1058 3637 1113 3676 ras.
1128 3622 1161 3675 in
1175 3621 1202 3674 P
1245 3638 1378 3677 ammiror

361 3692 389 3745 B
453 3691 611 3746 doatrllrmii
628 3694 633 3760 l
649 3690 710 3746 erus
726 3691 753 3744 P
818 3696 851 3744 11
871 3690 958 3745 sermo
976 3691 1140 3746 roneeffent
1159 3694 1201 3759 (at
1219 3694 1289 3761 uid.)
1307 3709 1376 3748 sorr.

363 3763 394 3815 ia
411 3761 499 3816 sermo
519 3761 683 3816 oonesll'errt
701 3763 733 3815 iu
751 3761 779 3815 P
845 3765 878 3815 12
897 3761 1028 3830 urrgrlrus
1043 3763 1072 3815 B
1135 3765 1168 3816 13
1188 3760 1327 3816 dasianus
1343 3793 1376 3803 -

362 3837 395 3886 22
419 3831 667 3902 reprehendendus
686 3833 718 3886 ia
735 3849 790 3886 ras.
814 3833 846 3887 in
871 3832 898 3885 P
970 3848 1004 3886 ae
1027 3838 1118 3887 tamea
1140 3833 1277 3888 uocabula
1297 3849 1378 3888 uasa

363 3920 415 3958 erse
432 3905 564 3958 uidentur
577 3903 625 3958 aad
641 3905 701 3959 siae
724 3903 841 3958 lisseolae
859 3903 903 3957 sel
989 3904 1098 3974 aliquid
1111 3903 1212 3958 deletae
1225 3905 1285 3958 siae
1297 3920 1377 3958 mem-

363 3975 465 4030 branae
486 3975 577 4031 neseio
600 3976 669 4045 qaid
691 3975 794 4029 uitium
817 3974 956 4029 sublatum
1067 3980 1099 4029 la
1119 3975 1247 4029 doetrma
1265 3991 1315 4031 om.
1337 3971 1377 4028 P'

363 4044 547 4100 diltrtuerdrur
567 4043 602 4101 B
669 4051 701 4100 17
721 4045 866 4118 enlltatml
880 4046 908 4098 B
972 4051 1004 4099 18
1024 4045 1116 4100 cauas
1133 4045 1170 4099 P'
1235 4053 1269 4101 23
1289 4046 1377 4116 pltea·

363 4119 423 4171 tatu
441 4122 473 4171 ut
491 4117 551 4172 aad.
569 4116 604 4172 B
678 4121 713 4170 24
733 4133 830 4172 arcena
848 4115 884 4171 P'
960 4116 1072 4172 albinus
1087 4134 1137 4173 om.
1158 4116 1196 4171 P'
1268 4122 1302 4172 25
1321 4134 1376 4171 mr·

364 4188 479 4258 grlroB
538 4193 572 4242 2⁷
593 4190 692 4244 utam.
714 4185 749 4242 B'
811 4204 896 4242 unam
917 4185 955 4242 P'

1126 4278 1162 4331 9*
