3322 5190
306 792 372 857 398
685 788 762 843 sar.
782 787 880 844 mum
899 789 937 845 vr

350 954 386 1019 in
410 952 552 1017 medinm
575 952 722 1037 geminos
745 951 867 1017 inmani
892 951 1033 1037 pondere
1055 958 1163 1021 cestus

351 1042 502 1128 proiecit,

307 1188 345 1232 ac
371 1165 522 1231 simililer

351 1292 465 1358 domus
489 1290 579 1357 sanie
601 1290 801 1376 dapibusque
824 1293 976 1358 cruentis.

275 1419 353 1484 laic
380 1417 482 1503 igitur
509 1417 541 1482 id
570 1438 698 1503 quoque
725 1416 848 1481 dietum
876 1417 980 1482 uideri
1003 1418 1100 1483 debet
1122 1419 1207 1505 ipse
1231 1419 1319 1497 Qui·
1347 1444 1360 1485 a

308 1507 426 1572 rinali
458 1507 558 1572 lituo
591 1505 623 1570 id
656 1511 707 1571 est
736 1505 875 1571 lituum
902 1505 1142 1582 Quirinalem
1172 1514 1320 1576 tenens.

307 1595 394 1748 dm
423 1596 556 1661 minime
584 1595 767 1660 mirandum
796 1594 892 1681 soret,
922 1595 951 1660 si
978 1597 1025 1662 ila
1052 1598 1176 1663 dietum
1204 1599 1321 1664 fuisset

340 1685 422 1750 inus
442 1683 638 1761 Quirinali
662 1683 764 1749 lituo
788 1689 884 1770 erat,
907 1684 1004 1749 sicuti
1028 1686 1166 1751 dicimus
1184 1691 1318 1753 statua

309 1773 445 1857 grandi
469 1773 600 1858 capite
625 1777 714 1837 erat.
757 1777 791 1836 et
813 1776 873 1837 est
896 1776 1003 1837 aulem
1027 1777 1060 1837 et
1083 1781 1168 1840 erat
1189 1779 1223 1840 et
1244 1775 1321 1840 fuit

310 1861 501 1946 plerumque
542 1861 661 1925 absunt
701 1881 775 1924 eum
816 1860 979 1945 elegantia
1019 1863 1089 1926 sine
1125 1861 1361 1929 detrimentum

281 1950 499 2015 baententiae.
554 1948 609 2013 sed
650 1951 803 2032 quoniam
845 1948 932 2014 sueta
972 1949 1061 2014 litui
1103 1951 1225 2016 mentio
1262 1957 1322 2037 est,

311 2038 636 2124 praetermittendum
660 2059 726 2102 nou
749 2043 808 2117 est,
830 2038 915 2123 quod
933 2061 1029 2123 posse
1047 2041 1159 2124 quaeri
1178 2041 1320 2106 animad-

311 2127 482 2212 uertimus,
515 2131 623 2191 utrum
652 2150 672 2191 a
699 2126 779 2192 tuba
806 2126 907 2191 lituus
936 2128 1104 2213 auguralis
1132 2131 1321 2216 appelletur,

310 2238 353 2280 an
382 2217 463 2281 tuba
489 2239 508 2280 a
531 2217 612 2279 lituo
636 2234 794 2298 augurum
818 2216 918 2280 lituus
942 2217 1028 2280 dieta
1051 2217 1103 2281 sit.
1149 2222 1321 2303 utrumque

310 2303 395 2367 enim
428 2305 498 2387 pari
527 2302 632 2367 forma
660 2307 693 2365 et
719 2303 842 2386 pariter
868 2303 901 2366 in
930 2304 1038 2387 capite
1065 2305 1234 2369 incuruum
1262 2311 1360 2370 estu

278 2390 364 2455 daed
388 2390 426 2472 si,
448 2394 486 2454 ut
508 2389 639 2473 quidam
659 2393 785 2472 putant,
808 2389 888 2453 tuba
907 2412 926 2452 a
944 2392 1053 2454 sonitu
1072 2391 1194 2455 lituus
1213 2394 1321 2476 appel·

306 2478 375 2542 lata
397 2482 449 2542 est
471 2499 510 2542 er
533 2476 591 2541 illo
615 2474 750 2540 Homeri
773 2498 869 2541 uersu

520 2598 609 2683 λίγξε
633 2601 723 2685 βιός,

307 2748 436 2791 neeesse
464 2730 528 2809 eet,
556 2730 593 2790 ul
620 2725 715 2809 uirga
743 2726 909 2811 auguralis
938 2749 957 2791 a
985 2726 1083 2791 tubae
1107 2727 1319 2795 similitudine

307 2816 407 2883 lituus
436 2820 578 2882 uocetur.
625 2818 727 2881 utitur
753 2821 860 2880 autem
886 2816 1042 2881 uocabulo
1068 2818 1130 2882 isto
1154 2816 1359 2903 Vergilinsao

308 2912 340 2972 et
362 2930 421 2992 pro
446 2907 537 2991 tuba,
561 2911 597 2970 ut
620 2906 665 2970 ibi

351 3036 384 3096 et
408 3033 489 3096 lituo
513 3053 640 3116 pugnus
664 3031 801 3115 insignis
827 3030 940 3095 obibat
964 3037 998 3095 et
1020 3030 1136 3095 hasla?

278 3159 295 3222 ‘l
397 3155 541 3221 Subieeit
574 3155 718 3219 Auienus
756 3154 962 3219 ‘maturate
994 3155 1124 3238 lugam
1157 3156 1232 3239 quid
1265 3158 1318 3242 sit,

306 3269 418 3330 purum
443 3245 524 3309 mihi
547 3245 658 3329 liquet.
696 3246 860 3309 contrarie
884 3245 967 3308 enim
993 3245 1120 3308 uidetur
1142 3245 1220 3308 mihi
1239 3244 1317 3331 fuga

306 3336 501 3419 maturitati,
534 3334 618 3398 unde
651 3333 728 3417 qnid
759 3334 797 3396 de
825 3335 887 3397 hou
916 3333 1014 3397 uerbo
1044 3333 1245 3397 sentiendum
1275 3336 1356 3399 sitas

306 3447 425 3507 (praeese
451 3446 501 3487 me
526 3422 662 3488 doceas?

276 3514 295 3577 8
394 3512 439 3575 Et
467 3512 599 3576 Seruius
628 3511 819 3593 ‘Nlnlnrvs‚
852 3511 949 3574 homo
984 3512 1128 3574 omnium
1158 3513 1316 3576 bonarum

308 3601 427 3663 artium
456 3600 636 3683 disciplinis
662 3599 811 3683 egregius
837 3603 983 3662 mature
1007 3598 1114 3680 inquit
1138 3601 1315 3683 estquod

307 3710 428 3771 neque
462 3690 578 3753 nitius
612 3709 732 3770 neque
767 3688 891 3751 serius
926 3687 989 3751 sed
1017 3687 1179 3751 medium
1208 3689 1315 3772 quid·

379 3870 390 3916 l
413 3863 479 3915 Aen
504 3863 593 3915 Vlol
654 3868 685 3915 18
706 3861 736 3917 ll.
756 3864 781 3915 Δ
805 3867 853 3914 125
909 3868 942 3915 22
964 3864 1030 3915 Aen.
1051 3862 1061 3914 l
1083 3867 1131 3914 137

378 4030 527 4076 lammam
547 4022 574 4074 P
626 4021 762 4093 epitul'P
815 4022 1019 4076 odenatum.
1040 4018 1074 4073 P'
1133 4018 1313 4075 lllrtnan‘

308 4093 639 4164 ltl3l1cutqmdalP
713 4092 884 4158 npellutnP
960 4098 991 4146 18
1010 4091 1134 4145 ΛΙΞΕΡ
1213 4098 1313 4160 22pu·

305 4163 395 4232 gunni
410 4164 437 4217 P
489 4169 522 4216 25
540 4164 626 4219 uerbo
645 4178 696 4219 oni.
715 4162 743 4216 P
