3442 5190
705 838 715 889 l
735 839 841 892 tlt-ao
869 836 895 890 Il
916 840 984 889 1-e
1288 834 1353 898 411

340 999 516 1084 ceterisque
553 997 723 1064 similibus.
778 1000 855 1063 tunc
892 999 980 1064 enim
1017 996 1167 1063 uidentur
1199 997 1355 1083 consequi

341 1091 480 1156 fructum
489 1087 619 1168 laboris,
630 1110 702 1153 oum
713 1087 936 1173 adipiscuntur
945 1087 1145 1154 occasionem
1156 1085 1355 1173 publicandi,

342 1200 424 1263 quae
447 1176 633 1261 didicerant,
656 1177 725 1242 sine
747 1176 977 1243 ostentationis
996 1179 1085 1257 nota,
1108 1198 1173 1261 qua
1191 1180 1280 1243 caret
1299 1175 1355 1261 qui

340 1288 406 1333 non
428 1266 547 1352 ingerit
570 1266 624 1331 sed
649 1266 807 1331 inuitatur
829 1268 866 1331 ut
888 1265 1042 1350 proferat
1080 1268 1195 1331 contra
1216 1264 1386 1351 magnacb

312 1354 568 1422 samaritudinis
592 1358 650 1440 est,
676 1355 704 1420 si
727 1377 836 1422 eoram
860 1355 973 1420 multis
997 1354 1138 1440 aliquem
1162 1354 1355 1439 interroges,

340 1443 425 1530 quod
448 1467 513 1509 non
537 1445 646 1529 opima
669 1445 805 1510 scientia
828 1444 1000 1529 quaesiuit,
1037 1443 1166 1528 cogitur
1189 1442 1277 1508 enirn
1297 1444 1355 1508 aut

339 1555 459 1620 negare
483 1555 517 1598 se
540 1534 630 1616 seire,
654 1533 738 1617 quod
762 1537 940 1598 extremum
964 1532 1176 1598 uerecundiae
1199 1531 1354 1597 damnum

339 1625 469 1706 putant,
497 1625 553 1687 aut
583 1621 777 1705 respondere
801 1625 922 1688 temere
946 1624 980 1687 et
1003 1621 1140 1687 fortuito
1164 1642 1199 1686 ae
1223 1620 1353 1686 euentui

340 1710 407 1775 ueri
431 1709 548 1775 falsiue
572 1710 784 1795 committere,
807 1709 891 1775 undo
915 1731 1011 1796 saepe
1034 1709 1181 1774 nascitur
1204 1707 1353 1775 inscitiae

300 1826 326 1864 so
340 1798 491 1884 proditio,
513 1802 546 1863 ct
565 1820 659 1865 omne
678 1798 740 1864 hoe
758 1797 971 1864 infortunium
991 1797 1124 1881 pudoris
1144 1797 1194 1862 sui
1212 1797 1355 1880 imputat

339 1887 532 1952 consulenti.
573 1907 722 1952 necnon
746 1889 780 1951 et
803 1887 858 1971 qui
882 1886 1034 1951 obierunt
1057 1885 1160 1950 maria
1184 1887 1217 1950 et
1240 1881 1386 1971 terras,6

339 1974 482 2060 gaudent
509 1997 583 2039 cum
612 1974 651 2038 de
680 1975 793 2057 ignoto
817 1974 928 2039 multis
953 1975 1005 2038 uel
1029 1977 1189 2038 terrarum
1214 1973 1279 2037 situ
1301 1972 1355 2039 uel

339 2063 412 2126 sinu
446 2061 545 2127 maris
576 2062 832 2146 interrogantur,
866 2062 1069 2147 libenterque
1097 2060 1296 2145 respondent
1322 2064 1356 2125 et

339 2149 526 2214 describunt
552 2150 648 2214 modo
676 2150 785 2213 uerbis
815 2149 910 2214 modo
938 2149 1030 2213 radio
1061 2149 1147 2231 loca,
1176 2148 1356 2231 gloriosum

300 2240 506 2321 reputantes,
540 2258 622 2322 quac
650 2237 714 2320 ipsi
741 2236 890 2301 uiderant
918 2236 1057 2302 aliorum
1085 2236 1187 2301 oculis
1217 2236 1353 2301 obicere.

339 2326 415 2411 quid
435 2325 531 2391 duces
550 2325 603 2389 uel
623 2324 765 2390 milites?
785 2347 881 2410 quam
899 2325 1027 2391 sortiter
1042 2349 1061 2390 a
1075 2346 1110 2390 so
1125 2324 1213 2389 facta
1227 2321 1384 2408 semper'l

341 2415 521 2481 dicturiunt
547 2418 580 2479 et
608 2419 717 2479 tamen
743 2417 853 2480 tacent
876 2414 1082 2500 arrogantiae
1107 2413 1218 2479 metu?
1246 2434 1354 2479 nonne

340 2504 389 2588 hi,
421 2504 449 2570 si
481 2508 518 2569 ut
549 2504 629 2569 haec
661 2504 818 2589 referant,
850 2505 1044 2589 inuitentur,
1077 2503 1256 2569 mercedem
1290 2502 1352 2568 sibi

339 2593 460 2659 laboris
475 2594 653 2659 aestimant
667 2594 880 2679 persolutam,
896 2594 1186 2659 remunerationem
1201 2594 1354 2676 putantes

300 2711 326 2751 ao
340 2683 426 2748 inter
448 2683 594 2749 uolentes
616 2705 760 2767 narrare,
783 2705 864 2767 quae
888 2682 1053 2749 fecerant?
1090 2681 1169 2748 adeo
1193 2685 1302 2747 autern
1321 2678 1385 2746 id8

340 2793 442 2856 genus
471 2773 694 2837 narrationum
724 2772 824 2836 habet
854 2772 1015 2856 quendam
1044 2771 1168 2859 gloriae
1194 2792 1354 2855 saporem,

340 2863 392 2943 ut,
422 2860 451 2924 si
478 2860 580 2925 inuidi
608 2859 661 2925 uel
689 2861 809 2925 aemuli
836 2860 921 2925 forte
948 2862 1136 2944 praesentes
1165 2860 1245 2946 sint,
1273 2859 1354 2924 tales

340 2949 614 3035 interrogationes
629 2948 845 3034 obstrependo
861 2949 1036 3014 discutiant
1050 2951 1083 3013 et
1096 2948 1177 3013 alias
1187 2946 1354 3013 inferendo

339 3036 468 3102 fabulas
497 3037 690 3121 prohibeant
718 3038 774 3102 illa
801 3037 938 3122 narrari,
967 3059 1049 3121 quae
1078 3037 1184 3103 solent
1206 3035 1354 3102 narranti

300 3151 326 3193 ss
340 3125 468 3191 laudem
493 3148 610 3193 creare.
646 3126 791 3211 pericula
813 3148 940 3212 quoquc
961 3126 1138 3210 praeterita
1156 3126 1209 3190 uel
1228 3124 1384 3190 aerum-9

340 3237 399 3280 nas
417 3215 548 3300 penitus
570 3215 749 3298 absolutas,
768 3215 824 3299 qui
844 3216 958 3298 euasit,
977 3218 1014 3280 ut
1031 3215 1151 3280 referat
1170 3213 1356 3299 gratissime

340 3313 550 3385 prouocatur:
587 3326 664 3368 nam
697 3304 752 3388 qui
785 3302 890 3367 adhuc
921 3303 957 3366 in
988 3303 1068 3386 ipsis
1101 3302 1153 3366 uel
1186 3300 1355 3385 paululum

340 3390 516 3475 detinetur,
543 3390 656 3455 horret
684 3391 940 3456 admonitionem
967 3394 1001 3455 et
1028 3389 1183 3456 formidat
1205 3389 1356 3454 relatum.

342 3477 375 3542 id
399 3477 478 3543 adeo
501 3477 709 3564 Euripides
733 3478 893 3564 expressit

302 3631 330 3669 oo
389 3603 434 3680 ὡς
455 3602 522 3685 ἡδύ
544 3627 595 3669 τοι
619 3601 771 3668 σωθέντα
794 3609 983 3686 μεμνῆσθαι
1006 3603 1129 3667 πόνων.

414 3789 449 3838 80
468 3782 564 3852 Eurip.
582 3782 682 3853 fragm.
703 3786 752 3837 rel
773 3783 880 3837 Nauck.

413 3952 534 4021 tigerit
552 3949 586 4004 1y
637 3950 767 4020 adapnu
786 3950 814 4003 P
869 3956 901 4004 18
920 3949 1088 4020 respondent
1105 3945 1142 4004 P'
1200 3953 1232 4002 16
1252 3949 1360 4019 semper

342 4071 445 4199 anagJ
496 4078 530 4128 18
549 4071 694 4131 otom.F
749 4080 783 4129 29
801 4073 830 4127 id
845 4074 928 4146 adeo]
943 4074 1049 4130 rdeoP
1101 4017 1361 4146 εοΜΕΜΝξΗΠΑΙ·

343 4199 465 4252 ΠΟΝΟΝ
485 4200 513 4253 Ρ
