3322 5190
354 875 422 941 438
737 872 812 930 ΕΔΤ.
826 872 924 928 LIBRI
943 872 995 928 vll

356 1040 427 1103 tam
450 1035 589 1101 facunda
612 1033 733 1099 Diaarii
757 1035 911 1100 doctriua.
953 1034 1013 1117 dic,
1037 1057 1094 1100 oro
1118 1039 1160 1113 te,
1184 1056 1266 1119 quae
1289 1034 1369 1098 lacit

356 1146 468 1204 cauae,
502 1129 538 1189 ut
569 1124 676 1207 sinapi
709 1129 742 1188 et
773 1125 880 1208 piper,
913 1124 940 1188 ai
969 1122 1118 1206 adposita
1146 1125 1211 1188 cuti
1239 1123 1370 1206 fuerint,

357 1212 477 1279 uulnua
496 1213 638 1279 excitent
656 1215 689 1277 et
706 1212 779 1277 loca
792 1211 967 1296 perforent,
984 1212 1140 1277 deuorata
1155 1233 1231 1277 uero
1246 1213 1370 1276 nullam

326 1303 482 1370 8nentria
524 1302 652 1387 corpori
692 1300 835 1368 inserant
876 1299 1091 1366 laesionem'?'
1152 1305 1185 1366 et
1220 1300 1369 1366 Disariua

359 1389 516 1478 ‘sperica'
540 1391 646 1476 inquit
673 1389 724 1456 ‘et
752 1413 841 1456 acres
869 1393 902 1455 et
924 1389 1048 1455 calidae
1072 1390 1289 1476 superficiem,
1319 1390 1369 1456 cui
1396 1420 1409 1460 a

356 1481 575 1566 adponuntur,
599 1479 797 1564 exulcerant,
820 1481 897 1565 quia
920 1481 1048 1563 integre
1072 1480 1193 1545 uirtute
1217 1503 1276 1544 sua
1300 1481 1370 1545 aine

356 1571 490 1636 alteriue
517 1571 564 1634 rei
593 1570 790 1634 admixtione
814 1574 951 1633 utuntur
974 1569 1014 1634 ad
1037 1591 1170 1651 noxam,
1202 1567 1256 1632 aed
1281 1568 1309 1632 ai
1334 1571 1370 1633 in

356 1663 504 1724 uentrem
536 1663 684 1743 receptae
713 1659 793 1743 aint,
827 1658 966 1723 soluitur
994 1659 1044 1721 uis
1073 1679 1184 1722 earum
1212 1658 1370 1722 neutralis

355 1748 503 1812 humoris
533 1747 709 1826 alieniore,
737 1769 801 1831 qua
828 1747 911 1810 fiunt
934 1746 1117 1829 dilutioree,
1144 1745 1257 1810 deinde
1280 1746 1371 1829 prius

355 1839 528 1900 uertuntur
551 1836 583 1899 in
608 1857 718 1900 aucum
742 1836 866 1899 uentris
890 1834 1010 1917 calore,
1039 1855 1136 1917 qaam
1161 1839 1198 1897 ut
1220 1835 1368 1918 integrae
1384 1861 1410 1900 ro

356 1921 484 2008 possint
507 1921 642 1988 nocere?
835 1984 836 1987 ,

324 2012 345 2076 9
444 2008 582 2076 Caecina
614 2011 751 2076 subiecit
779 2009 872 2074 ‘dum
900 2009 939 2073 dc
967 2009 1073 2074 calore
1103 2008 1278 2093 loquimur,
1312 2009 1365 2072 ad·

357 2121 491 2165 moneor
523 2100 584 2182 rei,
617 2122 713 2185 quam
747 2121 873 2183 scrupor
905 2098 1053 2184 ‹puaoaitu
1084 2097 1214 2183 dignam
1243 2099 1367 2181 putaui,

358 2210 414 2252 cur
442 2190 476 2253 in
506 2189 672 2274 Aegypta,
701 2212 782 2272 quac
809 2189 978 2273 regionum
1007 2188 1144 2252 aliarum
1172 2186 1371 2252 calidissima

358 2281 423 2361 eat,
450 2277 560 2342 uinum
585 2301 651 2342 non
675 2277 778 2343 calida
802 2278 858 2342 aed
883 2298 982 2361 paene
1005 2277 1140 2341 dixerim
1164 2276 1284 2360 frigida
1306 2277 1369 2340 nir·
1385 2304 1411 2344 rr

305 2366 347 2432 10
360 2368 429 2430 tute
461 2365 652 2431 nascaturl'
703 2367 742 2431 ad
775 2366 837 2431 hoc
865 2366 1013 2431 Dieariua
1047 2364 1123 2430 ‘nau
1155 2365 1217 2429 tibi
1248 2365 1369 2428 Albine

359 2460 560 2536 compertum
590 2459 653 2539 eet,
682 2477 796 2538 aquae,
824 2477 906 2537 quae
935 2455 985 2517 uel
1013 2453 1052 2516 de
1080 2453 1155 2517 altis
1183 2453 1292 2536 puteis
1317 2454 1369 2517 uel

356 2541 396 2606 de
423 2541 571 2606 fontibus
599 2541 807 2625 hauriuntur,
833 2541 957 2606 fumare
980 2541 1098 2624 hieme,
1126 2546 1249 2605 aestate
1272 2541 1371 2625 friga·

357 2651 457 2696 acere.
493 2629 579 2714 quod
603 2630 641 2694 lit
663 2652 729 2695 non
752 2632 817 2695 alia
840 2630 879 2694 de
902 2652 1009 2712 causa,
1031 2629 1093 2694 nisi
1116 2629 1200 2712 qnod
1220 2651 1293 2694 aere
1317 2629 1373 2712 qui

356 2719 451 2784 nobie
493 2719 708 2784 circumfusus
750 2724 800 2783 eat
841 2724 973 2804 propter
1014 2719 1170 2802 temporis
1208 2719 1413 2788 rationemoo

357 2808 483 2872 calente
511 2809 614 2893 frigus
642 2809 676 2872 in
701 2816 860 2873 terrarum
890 2810 956 2872 ima
985 2808 1183 2891 demergitur
1213 2813 1245 2870 et
1269 2831 1370 2890 aquas

359 2897 476 2980 inficit,
500 2920 635 2980 quarum
660 2900 694 2960 in
719 2899 783 2960 imo
807 2902 857 2960 eat
882 2899 1071 2978 scaturrigo,
1095 2902 1126 2958 et
1150 2901 1273 2977 contra,
1298 2919 1369 2959 cum

356 3006 411 3048 aar
442 2984 580 3049 hiemem
614 2987 768 3066 praefert,
804 2987 892 3048 calor
925 2986 957 3048 in
989 2985 1142 3047 inferiora
1178 2983 1366 3067 demergens

306 3072 448 3154 llaquis
480 3074 514 3135 in
542 3074 607 3135 imo
635 3073 843 3137 nascentibus
872 3073 929 3136 dat
957 3094 1119 3154 uaporem.
1171 3072 1256 3153 quod
1286 3092 1364 3153 ergo

354 3160 474 3242 ubique
497 3160 675 3223 alternatur
698 3162 855 3224 uarietate
879 3161 1044 3244 temporie,
1067 3160 1128 3224 hoc
1152 3159 1185 3221 in
1211 3162 1362 3242 Aegypto
1380 3185 1406 3222 aa

360 3268 487 3329 semper
514 3254 575 3332 eat,
604 3249 693 3312 cuius
723 3271 777 3312 aer
805 3270 930 3331 semper
959 3252 1008 3311 est
1037 3248 1069 3310 in
1097 3248 1211 3312 calore.
1262 3246 1366 3331 frigus

361 3337 447 3400 enirn
470 3337 537 3402 ima
561 3343 673 3421 patena
699 3339 811 3402 uitium
836 3337 998 3402 radicibus
1021 3337 1200 3401 inuoluitur
1219 3343 1251 3399 et
1270 3336 1369 3401 talem

356 3425 413 3491 dat
450 3428 639 3510 qualitatem
678 3450 754 3492 suco
792 3428 864 3492 inde
902 3428 1056 3492 irascenti.
1111 3427 1182 3490 ideo
1222 3427 1364 3512 regionis

360 3516 485 3580 calidae
509 3518 585 3581 uiua
608 3517 713 3581 calore
738 3517 931 3582 caruerunt?

308 3605 349 3668 12
450 3605 639 3670 ‘Tractatue
667 3606 792 3670 noster’
817 3607 955 3670 Albinus
980 3607 1086 3689 inquit
1109 3605 1223 3670 ‘semel
1250 3608 1369 3690 ingres·
1385 3634 1411 3670 ro

359 3716 413 3759 aua
447 3695 588 3759 calorem
622 3718 685 3759 non
719 3696 816 3759 facile
848 3696 912 3760 alio
941 3695 1128 3779 digreditur.
1174 3695 1262 3759 dicas
1291 3717 1367 3779 crgo

357 3783 446 3867 uolo,
471 3805 526 3847 our
551 3785 604 3867 qui
629 3784 662 3848 in
687 3806 802 3868 aquam
827 3784 993 3848 descendit
1016 3783 1168 3868 calidam,
1196 3786 1224 3848 si
1248 3806 1280 3847 se
1305 3806 1368 3846 uon

358 3874 505 3956 mouerit,
529 3873 635 3936 minus
660 3874 773 3956 uritur,
797 3874 852 3937 aed
877 3873 904 3937 ai
929 3874 1054 3956 agitatu
1079 3896 1137 3938 auo
1162 3896 1277 3956 aquam
1304 3896 1369 3936 mo-

360 3979 573 3987 ——--—-—-—-.

429 4030 589 4082 tercrtant
608 4026 644 4080 P'
711 4031 921 4098 ssadponentur
940 4027 975 4081 P'
1042 4032 1150 4101 integre
1170 4030 1197 4082 P
1263 4031 1370 4082 'lulte-

357 4097 416 4151 rrul
433 4098 460 4150 P
512 4100 765 4169 8receptceltP
817 4106 850 4153 10
869 4102 988 4168 intcsgra
1008 4100 1035 4152 P
1087 4107 1119 4153 14
1139 4106 1214 4154 etto
1251 4100 1375 4170 giptoP

359 4173 390 4224 17
412 4173 528 4237 copertr'r
551 4170 577 4222 P
655 4189 709 4244 qap
729 4172 763 4226 de
784 4173 810 4224 P
880 4176 913 4223 26
934 4170 1012 4225 cuius
1027 4187 1074 4225 aer
1093 4171 1200 4239 semper
1219 4118 1260 4224 eit
1277 4188 1327 4227 orn.
1348 4171 1375 4224 P

357 4245 389 4292 31
411 4240 568 4310 ingreditur
586 4242 615 4295 P
