3322 5190
327 817 370 881 80
725 813 801 869 ΕΔΤ.
821 813 917 869 LIBRI
935 814 949 868 1

327 978 493 1061 piaculum
530 976 607 1040 dare
644 974 769 1057 debere,
805 973 1033 1058 prudentem
1070 976 1227 1059 expiare
1265 998 1339 1040 non

327 1086 443 1149 posse
470 1061 661 1129 Scaeuola
688 1061 835 1148 pontifex
865 1061 1088 1144 adseuerabat,
1117 1063 1173 1127 sed
1196 1062 1341 1129 Vmbro

327 1159 427 1239 negat
454 1173 536 1217 eum
564 1151 704 1235 pollui,
731 1150 796 1236 qui
824 1172 918 1235 opus
946 1150 1006 1214 nel
1035 1150 1080 1216 ad
1107 1151 1198 1217 deos
1221 1154 1342 1237 perti·

328 1263 422 1307 nens
455 1262 701 1306 sacrorumue
734 1261 849 1305 causa
880 1238 1057 1322 fecisset,
1094 1239 1155 1304 uel
1190 1240 1341 1325 aliquid

329 1329 375 1394 ad
404 1335 604 1415 urgentem
632 1330 737 1393 uitae
764 1327 979 1392 utilitatem
1003 1328 1218 1411 respiciens
1243 1330 1341 1394 acti·
1367 1348 1380 1385 a

277 1422 465 1484 lltasset.
511 1414 694 1482 Scsnvons
719 1415 856 1498 denique
879 1415 1045 1479 consultus
1069 1415 1147 1500 quid
1170 1416 1263 1481 feriis
1287 1417 1342 1501 agi

329 1505 454 1588 liceret,
492 1505 662 1588 respondit
693 1503 793 1587 quod
824 1502 1141 1584 praetermissum
1173 1510 1342 1569 noceret.

329 1598 529 1678 quapropter
550 1593 580 1657 si
602 1593 662 1658 bos
686 1592 719 1655 in
737 1612 868 1674 specum
887 1589 1067 1675 decidissot,
1090 1613 1229 1676 eumque
1248 1599 1342 1677 pater

328 1681 472 1746 familias
491 1680 647 1746 adhibitis
666 1680 772 1764 operis
791 1678 969 1761 liberasset,
988 1700 1052 1743 non
1071 1684 1123 1744 est
1134 1682 1225 1745 uisus
1239 1681 1341 1746 ferias

331 1769 502 1853 polluisset
529 1792 589 1834 nec
612 1769 668 1833 ille
692 1769 748 1853 qui
766 1768 893 1833 trabem
915 1767 994 1831 tecti
1016 1767 1154 1832 fractam
1177 1769 1340 1836 fulciendo
1356 1790 1381 1827 ιο

279 1861 321 1923 12
331 1857 373 1922 ab
392 1858 574 1921 imminenti
593 1857 771 1921 uindicauit
787 1856 891 1920 ruina.
927 1856 1011 1919 unde
1025 1861 1059 1920 et
1072 1854 1178 1920 Mauo
1193 1859 1341 1922 omnium

331 1943 577 2027 disciplinarum
603 1946 742 2030 peritus,
774 1944 879 2007 sciens
907 1942 1009 2007 lauari
1037 1965 1132 2007 onem
1161 1950 1218 2009 aut
1245 1944 1341 2010 lanae

331 2033 518 2117 purgandae
547 2039 603 2098 aut
635 2032 744 2100 scabie
772 2031 932 2097 curandae
959 2032 1080 2116 gratia,
1112 2033 1342 2116 pronuntiauit

329 2124 409 2186 tunc
436 2143 531 2186 onem
558 2144 617 2206 per
643 2122 741 2187 ferias
769 2120 865 2185 licere
893 2121 1041 2206 mersuri,
1068 2120 1096 2186 si
1119 2120 1182 2186 hoc
1205 2122 1341 2187 remedii

329 2231 428 2277 cansa
451 2211 542 2276 fieret
1357 2231 1382 2269 ia

419 2351 652 2436 balantumque
675 2370 808 2436 gregem
831 2351 931 2415 fluuio
954 2371 1095 2414 mersare
1118 2350 1256 2435 salubri,

331 2491 500 2557 adiciendo
516 2493 603 2555 enim
617 2491 766 2556 salubri
781 2491 924 2556 ostendit
937 2491 1104 2555 auertendi
1119 2489 1224 2554 morbi
1233 2493 1342 2574 gratia

330 2579 465 2646 tandum
489 2579 596 2664 modo,
617 2601 684 2644 uon
707 2578 806 2644 etiam
830 2579 871 2643 ob
893 2578 1018 2643 lucrum
1042 2577 1228 2664 purgandae
1247 2580 1341 2644 lanae

278 2672 428 2736 13cuusa
461 2668 531 2733 fieri
559 2689 757 2733 concessum.
801 2667 884 2732 haec
911 2668 949 2732 de
977 2667 1093 2732 festis
1120 2671 1153 2730 et
1181 2668 1238 2751 qui
1266 2668 1341 2733 inde

331 2763 519 2844 nascuntur,
544 2759 601 2842 qui
625 2757 724 2823 etiarn
747 2756 894 2822 uiolasti
917 2763 1081 2822 uocantur.
1355 2780 1381 2817 eu

420 2845 515 2913 Nunc
530 2848 569 2912 de
583 2846 773 2932 profestis
788 2848 890 2931 etqui
904 2868 942 2910 ex
957 2846 1009 2911 bia
1024 2844 1211 2930 procedunt,
1230 2846 1342 2932 loque·

332 2958 418 3017 mur,
450 2936 483 2999 id
514 2942 565 3000 est
591 2936 687 3000 fastis
714 2935 933 3000 comitialibus
961 2934 1218 3017 comperendims
1246 2938 1342 3001 statis

279 3023 554 3106 14proeliaribus.
604 3023 699 3087 fasti
727 3028 818 3105 sunt,
850 3022 966 3106 quibus
998 3022 1075 3086 licet
1106 3021 1169 3085 fari
1197 3024 1343 3104 praetori

332 3111 397 3174 tria
419 3110 518 3174 uerba
541 3110 712 3174 sollemnia
739 3109 785 3174 do
809 3109 896 3173 dico
920 3108 1063 3172 addico.
1109 3108 1160 3171 his
1184 3110 1343 3176 contrarii

331 3201 409 3262 sunt
431 3197 588 3262 nefasti.
630 3196 851 3262 comitiales
876 3202 961 3280 sunt,
984 3197 1102 3280 quibus
1125 3217 1197 3261 cum
1220 3199 1382 3281 populosa

332 3285 386 3371 agi
405 3286 489 3370 licet,
509 3292 543 3350 et
560 3286 678 3352 fastis
693 3285 822 3369 quidem
842 3287 915 3370 lege
931 3286 984 3369 agi
998 3290 1116 3370 potest,
1134 3306 1206 3350 cum
1221 3287 1342 3370 populo

330 3395 396 3440 non
428 3381 552 3461 potest,
584 3374 857 3440 comitialibus
890 3379 1061 3458 utrumque
1089 3378 1210 3458 potest,
1242 3395 1342 3440 com-

332 3464 548 3547 perendini,
580 3465 698 3549 quibus
731 3463 952 3529 uadimonium
984 3463 1061 3529 licet
1093 3463 1209 3548 dicere,
1246 3464 1343 3528 stati

404 3690 437 3739 16
456 3684 557 3754 Georg.
577 3684 660 3740 1272

404 3895 417 3942 1
438 3890 580 3959 piaculum
600 3888 661 3942 dan
680 3888 782 3942 debers
795 3887 823 3940 B
877 3895 893 3941 t
912 3887 1088 3942 all'enerabat
1102 3890 1126 3956 t,
1146 3888 1306 3942 affirmabat
1320 3889 1348 3941 P

331 3963 546 4031 turlguentem
572 3961 599 4014 P
687 3958 839 4029 Bspeculir
864 3960 892 4013 P
981 3958 1102 4013 roillud
1128 3961 1290 4026 quitatem
1309 3958 1342 4012 Ρ

333 4038 366 4086 13
385 4034 480 4086 scabre
499 4032 747 4102 Gasswmpiensis:
766 4030 858 4103 scabre
872 4031 906 4098 P,
925 4030 1033 4085 scabrae
1048 4030 1075 4083 B
1132 4037 1164 4085 1‘1
1183 4030 1291 4084 salubre
1306 4027 1343 4084 P'

331 4102 484 4225 illumin
487 4104 529 4227 1?
602 4109 636 4158 23
655 4103 768 4173 'phalib3
787 4120 818 4173 p,
845 4103 935 4171 plinb5
960 4102 993 4168 P,
1011 4101 1196 4171 proelralrbul'
1209 4100 1238 4154 B
1309 4107 1345 4154 24

344 4179 468 4244 oepma
