3322 5190
646 793 687 848 Vi
706 799 811 850 74-80
1168 790 1235 858 513

215 955 341 1040 septem
372 974 499 1041 quoqne
533 957 610 1021 sunt
636 955 757 1042 gradus
784 955 820 1020 in
847 974 995 1039 corpore,
1028 954 1085 1040 qui
1112 952 1286 1023 dimon-79

215 1044 341 1110 sionem
374 1042 555 1110 altitudinis
594 1043 635 1109 ab
668 1043 735 1110 imo
768 1043 802 1108 in
833 1042 1038 1127 superficiem
1071 1043 1233 1129 conplent,

215 1131 357 1196 medulla
384 1153 421 1197 os
448 1154 568 1198 neruus
592 1154 676 1199 uena
704 1133 823 1198 arteria
846 1154 921 1198 caro
950 1133 1042 1198 cutis.
1088 1130 1169 1198 haec
1192 1133 1232 1198 de

214 1219 431 1286 interioribus.
477 1222 511 1286 in
540 1226 652 1306 aperto
676 1245 804 1308 quoque
833 1225 959 1305 septem
982 1224 1061 1286 sunt
1083 1223 1230 1306 corporis
1241 1224 1285 1290 80

187 1311 336 1395 spartes,
369 1313 467 1394 caput
496 1315 609 1396 pectus
638 1333 753 1376 munus
784 1311 945 1396 pedesque
973 1314 1006 1375 ct
1035 1310 1230 1396 pudendum.

212 1399 293 1464 item
326 1421 409 1485 quae
441 1399 643 1483 diuiduntur,
674 1423 740 1466 non
773 1400 837 1466 nisi
870 1403 994 1480 septem
1031 1400 1230 1485 conpagibus

213 1486 325 1553 iuncta
358 1491 447 1553 sunt:
481 1491 518 1553 ut
549 1490 582 1555 in
615 1489 765 1556 manibus
795 1492 847 1556 est
875 1489 1029 1554 humerus
1059 1488 1229 1554 brachium
1278 1536 1281 1542 «

212 1576 341 1641 cubitus
360 1576 438 1641 nola
460 1581 494 1641 et
516 1576 691 1662 digitorum
712 1578 799 1644 modi
818 1578 911 1662 terni,
935 1579 968 1643 in
992 1576 1128 1662 pedibus
1153 1598 1229 1644 nero

211 1663 318 1729 femur
341 1685 427 1749 genu
449 1665 532 1729 tibia
554 1688 611 1749 pes
634 1667 713 1750 ipse,
736 1668 797 1732 snb
820 1689 885 1752 quo
908 1666 986 1731 nola
1008 1669 1068 1745 est,
1090 1669 1125 1730 et
1146 1665 1229 1751 digi-

174 1771 201 1813 to
214 1754 323 1818 torum
347 1752 496 1817 similiter
518 1753 597 1818 nodi
619 1755 713 1818 terni.
759 1758 793 1818 et
815 1755 893 1839 quia
914 1776 1029 1819 sensus
1052 1756 1279 1838 eorumque8l

212 1840 395 1905 ministeria
422 1843 541 1904 nature
568 1841 602 1905 in
631 1841 737 1924 capite
764 1841 857 1907 uelut
886 1842 920 1906 in
948 1862 1022 1908 erce
1050 1840 1230 1925 constituit,

212 1940 337 2011 septem
355 1927 571 1993 foraminibus
591 1950 743 1994 sensuum
762 1929 968 1995 celebrantur
986 1928 1104 2011 officia,
1122 1928 1155 1993 id
1179 1933 1230 1994 est

212 2017 277 2081 oris
297 2038 336 2080 ec
354 2014 470 2081 deinde
488 2017 655 2082 oculorum
673 2018 803 2082 narium
822 2022 856 2082 et
873 2017 1000 2082 aurium
1025 2017 1120 2100 binis,
1144 2017 1229 2082 unde

211 2124 279 2169 non
301 2104 453 2169 inmerito
477 2104 531 2169 bic
552 2127 715 2188 numerus,
738 2105 840 2169 totius
859 2103 1003 2169 fabricae
1022 2105 1230 2189 dispensator

172 2194 247 2256 sset
270 2189 429 2274 dominus,
452 2192 558 2277 aegris
581 2214 708 2278 quoque
728 2192 918 2276 corporibus
940 2191 1120 2275 periculum
1143 2191 1229 2256 sani·

211 2281 355 2343 tatemue
389 2278 569 2345 denuntiat.
624 2281 723 2345 immo
756 2280 828 2345 ideo
861 2285 895 2345 et
926 2283 1052 2364 septem
1085 2279 1228 2344 motibus

212 2389 309 2432 οηιιιο
350 2389 465 2453 corpus
498 2368 654 2452 agitatur:
689 2374 746 2435 curt
784 2370 870 2435 cuim
908 2367 1050 2435 accessio
1086 2370 1138 2434 ost
1171 2374 1229 2435 nent

211 2458 245 2522 iu
278 2458 406 2523 lacuum
440 2459 625 2526 dextrorsus
657 2460 791 2527 dcsscxio
822 2463 880 2526 urit
908 2481 1035 2526 elusum
1065 2459 1137 2546 quis
1170 2481 1227 2525 seu

213 2548 363 2652 deorsum
382 2552 532 2616 mouetur
550 2553 608 2616 sut
625 2550 660 2616 in
678 2552 790 2617 orbem
808 2554 944 2618 rotatur.
980 2552 1032 2616 tot
1049 2549 1227 2616 uirtutibus
1237 2553 1281 2620 82

172 2657 200 2698 ²⁰
213 2642 389 2793 llud?
405 2641 954 2817 ullttllultulllt⁵
973 2641 1231 2795 {ullust}

214 2817 341 2883 dicitur.
379 2820 413 2882 et
431 2818 592 2902 absoluta,
609 2822 646 2883 ut
669 2819 819 2904 arbitror,
841 2820 967 2884 ratione
984 2818 1051 2883 iam
1069 2817 1228 2900 constitit,

213 2926 270 2969 cur
293 2904 432 2971 diuersis
456 2928 494 2970 ex
517 2903 624 2970 causis
648 2909 722 2972 octo
747 2911 780 2971 et
801 2909 926 2993 septem
950 2906 1037 2991 pleni
1061 2908 1227 2971 nocentur.

212 3014 326 3058 sensns
346 2997 456 3058 autem
474 2992 528 3057 hic
551 2997 616 3058 est:
640 3015 712 3058 cum
732 2997 822 3060 setes
844 3000 903 3059 tue
921 2993 1225 3079 quinquagesimum
1236 2995 1279 3061 83

172 3098 198 3139 en
213 3086 246 3145 et
265 3084 393 3146 sextum
413 3103 533 3147 annum
552 3083 761 3168 coupleuerit,
783 3104 865 3169 quae
889 3105 1016 3148 summe
1033 3081 1096 3147 tibi
1116 3082 1226 3148 fatalis

211 3170 285 3251 erit,
313 3192 387 3254 spes
411 3171 541 3256 quidem
569 3171 685 3237 solutis
707 3173 857 3257 publicae
880 3175 913 3238 te
937 3170 1075 3256 uidebit,
1103 3175 1137 3236 et
1164 3192 1224 3255 pro

211 3258 359 3323 remediis
380 3260 562 3324 communie
583 3260 743 3325 bonorum
762 3262 907 3326 omnium
926 3261 1033 3325 status
1048 3258 1225 3324 uirtutibus

210 3347 275 3409 tuis
299 3346 461 3410 dictatura
484 3347 667 3429 debebitur,
690 3348 745 3412 scd
771 3349 799 3412 si
827 3349 970 3413 conseris
993 3347 1129 3411 iusidias
1152 3367 1226 3429 pro·

211 3433 412 3517 pinquorum.
466 3455 542 3498 nam
576 3457 634 3518 per
666 3438 848 3519 septenos
879 3436 1000 3500 octies
1031 3433 1128 3499 solis
1163 3454 1226 3498 an·

171 3521 359 3584 refractus
392 3521 616 3605 reditusque
648 3523 884 3608 quinquaginta
913 3527 948 3586 et
979 3544 1034 3586 sex
1063 3521 1227 3605 significat

212 3630 324 3688 annos,
347 3608 563 3674 anfractum
589 3610 687 3675 solis
711 3614 750 3674 et
767 3610 933 3675 reditum
953 3631 1073 3674 annum
1093 3628 1226 3673 uocans:

284 3797 508 3866 lsnutquoque
529 3798 557 3854 P
627 3799 821 3854 dnbeermo
841 3799 870 3852 P
943 3797 1084 3853 suasu
1101 3794 1228 3852 medulla

210 3868 260 3924 dcl.
279 3868 312 3922 in
329 3867 357 3921 Β
415 3868 504 3923 nennl
519 3864 555 3924 n
624 3869 846 3926 liuteuonrbnl
860 3870 888 3925 Β
960 3865 1180 3939 ecompugrbnl
1199 3867 1229 3921 Ρ

211 3938 287 3993 reu
304 3938 437 3992 numerus
451 3939 479 3993 Β
554 3946 585 3994 17
606 3957 716 3997 omnem
735 3942 763 3996 Β
834 3946 867 3997 18
886 3941 937 3996 snt
953 3939 1061 3994 rursum
1079 3940 1108 3995 Β
1178 3936 1225 3992 len

209 4025 278 4064 corr.
297 4008 464 4064 enleinB
517 4015 550 4065 21
566 4011 691 4067 mutetur
704 4011 742 4066 P'
797 4015 832 4067 25
850 4016 868 4066 c
889 4009 1041 4066 leucratB
1096 4014 1130 4065 28
1150 4007 1226 4062 ssu

211 4079 332 4205 erppsept
352 4077 390 4133 P'
475 4082 636 4156 popinones
653 4081 687 4138 Β
760 4089 793 4138 29
813 4029 928 4140 *cobet
944 4081 973 4136 P
1037 4077 1181 4138 anfractus
1194 4083 1227 4134 ut

210 4168 229 4205 u
262 4191 268 4204 .

265 4248 409 4291 Mscacmvs
976 4247 1011 4296 ³³
