3322 5190
620 927 685 985 XIII
703 934 791 986 8-12
817 928 896 985 XIIII
916 933 985 985 i-e
1244 928 1310 994 629

297 1094 424 1160 anima
460 1093 684 1160 inmortalia
722 1097 788 1159 eet
843 1093 900 1159 elii
937 1114 1015 1158 uero
1052 1113 1181 1158 omnem
1213 1088 1364 1160 retiossl2

298 1183 493 1249 cinationem
533 1204 625 1249 eiiam
662 1183 695 1249 in
732 1182 828 1248 unius
865 1180 1049 1268 syllogismi
1085 1180 1310 1267 compendium

296 1272 491 1359 redegerunt
526 1272 656 1338 anima
687 1293 731 1336 ex
763 1293 802 1336 ae
833 1272 1025 1354 mouetur,
1062 1269 1160 1356 quod
1193 1291 1237 1334 ex
1270 1291 1311 1335 ee

298 1363 487 1443 mouetur,
523 1359 755 1445 principium
794 1362 920 1424 motus
958 1361 1030 1443 oet,
1071 1357 1170 1443 quod
1206 1357 1312 1441 prin·

272 1449 443 1534 ieipium
465 1452 591 1516 motus
615 1455 687 1533 est,
709 1451 841 1514 uatum
864 1470 940 1514 non
962 1450 1035 1530 eet,
1058 1446 1157 1533 quod
1179 1449 1311 1512 netum

298 1560 374 1604 non
405 1541 477 1623 est,
508 1536 719 1604 inmortale
751 1540 822 1621 eet,
854 1536 980 1624 igitur
1012 1536 1140 1602 anima
1172 1536 1311 1602 inmor·
1388 1542 1391 1548 ’

298 1626 393 1692 telio
416 1630 484 1694 eet.

388 1749 452 1817 Sed
474 1752 588 1817 harum
608 1751 753 1817 omnium
772 1748 1060 1816 ratiocinationum
1078 1747 1164 1835 apud
1183 1769 1257 1813 euni
1266 1746 1366 1815 XIIII

299 1843 408 1924 potent
445 1843 612 1924 postrema
649 1839 815 1906 conclusio
852 1839 890 1905 tle
924 1838 1050 1904 animae
1075 1836 1313 1904 inmortalitate

260 1949 286 1988 io
299 1931 458 2012 constare,
489 1930 544 2014 qiii
575 1929 715 2015 primam
746 1928 1015 2015 propositiquem,
1057 1927 1091 1993 id
1123 1931 1175 1993 eet
1206 1948 1244 1992 ex
1277 1948 1312 1992 eo

297 2018 422 2083 moueri
454 2017 596 2082 enimam
625 2039 691 2083 non
725 2017 860 2099 refellit,
891 2018 952 2083 hac
980 2016 1067 2082 enim
1094 2016 1129 2082 in
1156 2016 1219 2082 fide
1246 2036 1314 2082 uon

296 2111 427 2191 recepta
449 2105 568 2171 debilia
590 2107 674 2171 fiunt
696 2106 819 2188 omnia,
842 2127 924 2190 quae
948 2110 1107 2172 secuntur.
1153 2105 1211 2171 ned
1235 2104 1344 2171 liniet

298 2194 481 2262 Stoicorum
508 2193 636 2279 quidem
665 2194 790 2261 accedit
816 2195 980 2279 cdeeneio,
1012 2194 1208 2261 Aristotelea
1235 2216 1313 2260 uero

298 2283 379 2350 adeo
411 2307 478 2351 non
510 2284 702 2369 adquiescit,
735 2290 772 2350 ut
805 2285 948 2349 animam
980 2306 1046 2350 non
1077 2283 1184 2350 eolum
1212 2304 1251 2349 ex
1278 2305 1313 2348 ae

259 2392 284 2434 ii
298 2396 365 2439 non
393 2373 530 2451 moueri,
559 2374 616 2439 aed
643 2396 684 2439 ne
712 2373 836 2439 moueri
864 2372 994 2458 quidem
1020 2375 1150 2457 penitus
1178 2374 1314 2439 conetur

299 2462 455 2529 adaerere.
513 2464 560 2528 ita
595 2463 681 2528 enini
718 2463 845 2529 callidis
881 2462 1220 2551 argumentationibus
1257 2462 1312 2529 cil·

300 2554 411 2637 struit,
437 2552 517 2618 nihil
541 2575 580 2617 ex
603 2574 638 2618 ee
661 2551 800 2636 moueri,
829 2555 868 2618 iit
890 2555 950 2618 otei
975 2552 1099 2638 aliquid
1121 2552 1184 2619 hoc
1207 2552 1314 2618 iacere

299 2641 465 2722 concedet,
487 2641 630 2706 animam
653 2645 764 2706 tamen
786 2641 848 2707 hoc
870 2662 938 2707 non
960 2662 1032 2706 eeee
1055 2643 1232 2708 confirmet
1276 2641 1343 2708 iia

300 2731 400 2795 enim
423 2731 550 2794 anima
572 2729 680 2814 inquit
697 2729 935 2813 principiam
954 2732 1079 2795 motus
1098 2734 1171 2814 eet,
1194 2729 1312 2796 doceo

259 2838 378 2896 eonon
411 2839 524 2901 poene
560 2817 795 2903 principium
833 2820 958 2883 motus
991 2818 1146 2884 moueri.
1201 2821 1234 2883 et
1264 2818 1313 2883 ita

300 2905 494 2971 diuisionem
523 2926 600 2969 suae
628 2906 708 2970 artis
736 2905 769 2970 in
796 2905 933 2983 reditur,
961 2908 998 2970 ut
1024 2906 1164 2990 primum
1187 2905 1313 2990 doceat,

298 2993 334 3056 in
366 3014 474 3058 rerum
505 2996 623 3057 natura
654 3013 725 3057 enee
756 2926 879 3078 aliquid
907 2993 1076 3077 inmobile,
1108 2991 1223 3058 deinde
1249 2993 1313 3058 boc

299 3102 369 3146 eene
393 3081 534 3146 animam
557 3083 695 3165 temptet
717 3082 895 3147 ostendero.
940 3103 1099 3148 necesse
1123 3083 1183 3146 eet
1205 3081 1343 3167 inquire

299 3175 365 3235 aut
401 3170 543 3249 omnia,
586 3191 681 3256 quae
718 3174 822 3256 eunt,
863 3170 1071 3238 inmobilia
1110 3192 1209 3256 esee,
1248 3172 1314 3237 aut

259 3274 285 3317 π
299 3259 427 3325 omnia
447 3258 608 3341 moueri,
627 3261 693 3323 eut
711 3259 844 3345 aliqua
863 3282 906 3326 ex
924 3260 985 3325 hie
1002 3259 1163 3343 moueri,
1182 3259 1314 3346 aliqua

297 3368 374 3413 non
405 3347 559 3412 moueri.
609 3347 701 3412 item
733 3348 765 3413 ei
799 3348 930 3415 damus
958 3350 1006 3414 ait
1040 3351 1078 3414 et
1105 3351 1248 3414 motum
1276 3352 1313 3414 et

298 3437 483 3522 quietem,
506 3457 662 3501 neceuee
687 3440 761 3521 eet,
788 3440 855 3503 aut
878 3439 956 3504 alia
979 3459 1131 3522 semper
1153 3437 1312 3522 moueri,

298 3531 336 3591 et
355 3527 433 3591 alia
449 3546 654 3609 numquam
672 3527 832 3606 moueri,
856 3531 922 3593 aut
940 3527 1064 3593 omnia
1082 3527 1195 3592 eimul
1213 3548 1311 3593 nunc

297 3613 510 3697 quiescere,
545 3634 645 3678 nunc
682 3615 840 3681 moueri.
899 3614 944 3681 de
980 3616 1040 3681 hie
1078 3614 1185 3701 inquit
1220 3614 1312 3700 quid

256 3702 419 3786 eomagie
444 3722 573 3767 nerum
597 3701 663 3786 eit,
686 3703 939 3787 requiramus.
984 3725 1061 3770 non
1080 3725 1162 3769 eeee
1182 3703 1342 3772 omniab

369 3880 384 3929 1
403 3874 572 3931 immortalis
586 3875 614 3930 Β
677 3873 853 3947 erylogirmi
871 3877 899 3931 Β
963 3883 980 3933 o
999 3878 1073 3948 quod
1090 3878 1184 3934 autem
1204 3882 1222 3933 n
1240 3876 1310 3932 nati'i

296 3948 324 4017 (r
342 3947 413 4002 nati
430 3963 529 4003 rareio
546 3948 644 4016 odda)
668 3962 724 4002 non
747 3951 847 4002 natum
865 3948 907 4003 elt
924 3950 953 4005 Β
1042 3951 1138 4004 nutum
1152 3953 1217 4020 poet
1233 3947 1310 4017 quod

296 4022 327 4073 in
345 4034 401 4073 roe.
419 4018 451 4072 ia
470 4018 499 4073 P
585 4018 663 4073 sselt
680 4018 849 4074 immortabl
864 4021 893 4074 Β
983 4021 1263 4076 tratiocinationem
1280 4018 1309 4074 Β

296 4088 545 4145 vimmortnlitate
564 4089 619 4143 PB
684 4095 716 4142 ia
736 4089 799 4145 lunt
816 4091 845 4144 Β
909 4091 1060 4161 lequuntur
1077 4093 1104 4145 Β
1170 4095 1202 4146 13
1222 4089 1309 4146 allen·

296 4160 334 4215 lio
353 4161 380 4213 Β
436 4165 470 4214 14
487 4160 640 4228 acquiescit
659 4161 687 4213 Β
747 4164 780 4213 15
799 4160 840 4216 set
858 4162 886 4216 Β
942 4167 975 4218 ie
994 4162 1110 4216 ass'erere
1130 4163 1158 4217 Β
1211 4160 1311 4216 astruit

296 4231 324 4284 Β
378 4237 412 4284 22
431 4233 530 4303 naturp
548 4230 586 4284 P'
647 4230 791 4285 immobile
811 4231 858 4301 1⁷,
876 4233 1022 4289 immobile
1041 4233 1069 4289 Β
1127 4238 1162 4287 28
1181 4233 1253 4287 tebet
1271 4231 1307 4285 P'

297 4306 331 4356 24
351 4301 507 4356 immobilia
526 4302 579 4355 PB
633 4306 668 4356 28
686 4307 712 4359 et
729 4306 764 4356 29
782 4319 837 4358 nuc
856 4302 893 4356 P'
