3322 5190
305 812 370 878 196
692 809 768 865 sur.
783 808 881 863 Lissi
901 809 938 862 iu
1051 841 1053 846 .

275 974 381 1060 ‘lipsa
401 972 609 1037 suffunderet.
655 971 709 1036 sed
730 971 815 1035 forte
838 970 878 1035 ad
901 973 1014 1035 notam
1039 971 1159 1034 saeculi
1182 971 1232 1034 sui
1255 993 1320 1034 nou

306 1060 428 1127 sufficit
451 1058 655 1143 Hortensius,
678 1059 729 1123 uir
752 1058 897 1142 alioquin
921 1078 959 1121 ex
983 1056 1132 1141 professo
1156 1057 1263 1122 mollis
1288 1064 1321 1122 et

306 1149 340 1212 in
373 1147 560 1232 praecinctu
598 1167 723 1230 ponciis
761 1167 889 1210 omnem
927 1144 1085 1209 decorem.
1140 1144 1203 1208 fuit
1234 1147 1320 1209 enirn

305 1235 429 1300 uestitu
449 1233 490 1298 sd
510 1233 704 1299 munditiem
723 1234 852 1298 curioso
871 1235 905 1296 et
922 1237 959 1296 nt
982 1232 1063 1296 bens
1087 1232 1227 1298 amictus
1249 1234 1321 1317 iret,

305 1324 421 1390 faciem
452 1323 486 1386 in
518 1322 651 1408 speculo
682 1321 872 1406 quaerebat,
901 1320 957 1384 ubi
988 1341 1022 1384 se
1052 1320 1181 1385 intuens
1209 1324 1322 1405 togam
1350 1350 1362 1388 r

306 1412 436 1496 corpori
451 1411 497 1476 sic
512 1411 707 1494 adplicabat,
727 1415 764 1475 ut
783 1431 881 1495 rugas
899 1431 966 1474 uon
984 1408 1068 1474 forta
1087 1408 1143 1474 sed
1162 1409 1322 1474 industris

305 1501 431 1567 locatos
460 1500 576 1564 artifex
599 1499 704 1565 nodus
728 1499 936 1583 astringeret,
964 1501 998 1563 et
1020 1498 1111 1563 sinus
1135 1519 1172 1562 ex
1196 1518 1323 1582 compo·

280 1590 376 1656 5sito
395 1588 537 1653 defluens
556 1588 687 1654 modum
708 1587 819 1653 lateris
838 1587 985 1652 ambiret.
1023 1587 1050 1652 is
1069 1587 1321 1671 quondam'cum

308 1678 471 1744 incederet
499 1678 685 1743 elaboratus
714 1676 753 1741 ad
783 1677 936 1760 speciem,
966 1675 1111 1764 collegae
1135 1675 1173 1739 de
1196 1676 1323 1740 iniuriis

309 1767 394 1831 diem
417 1765 514 1850 dixit,
536 1766 622 1849 quod
646 1765 710 1830 sibi
732 1766 765 1828 iu
789 1765 948 1848 angustiis
971 1763 1087 1828 obuius
1112 1764 1235 1828 offensu
1258 1764 1322 1827 for·
1338 1763 1363 1831 '10

309 1855 394 1919 tuito
414 1857 608 1918 structuram
627 1857 725 1938 togae
749 1853 961 1935 destruxerat,
984 1854 1017 1915 et
1041 1852 1160 1936 capital
1183 1854 1323 1935 putauit,

310 1942 396 2028 quod
419 1942 453 2006 iu
475 1941 611 2007 humero
634 1962 692 2006 suo
716 1941 823 2005 locum
846 1962 928 2026 ruga
950 1944 1117 2005 mutasset.

277 2033 297 2096 6
400 2029 491 2116 Ergo
510 2029 572 2095 lioc
595 2031 825 2115 praetermisso
850 2029 888 2093 ad
912 2029 1000 2093 uiros
1024 2031 1119 2095 uenio
1143 2029 1322 2114 triumplia-

309 2120 371 2204 les,
394 2141 475 2202 quos
494 2119 634 2184 uictores
654 2119 798 2205 gentium
822 2118 949 2183 luxuria
972 2117 1059 2201 uicit,
1082 2123 1116 2182 et
1139 2121 1175 2183 ut
1196 2122 1322 2184 taceam

308 2206 511 2291 Gurgitem
528 2230 547 2271 a
562 2206 717 2272 deuorato
736 2207 934 2290 patrimonio
953 2207 1227 2292 cognominatum,
1246 2209 1322 2291 quia
1338 2236 1362 2272 ir

307 2295 492 2380 insignibus
523 2295 655 2360 uirtutis
687 2298 816 2360 secutae
846 2295 927 2359 uitis
956 2295 1072 2378 prioris
1099 2296 1324 2378 compensauit

309 2385 442 2467 aetatis,
475 2383 657 2449 Metellus
685 2382 777 2448 Pius
809 2383 842 2447 in
876 2405 972 2467 quain
1005 2384 1133 2448 foueam
1166 2384 1260 2447 luxus
1290 2389 1325 2447 et

309 2471 481 2557 superbiae
511 2493 717 2537 successuum
745 2471 988 2536 continuatione
1011 2471 1180 2555 peruenit?
1226 2475 1260 2535 et
1281 2492 1323 2536 ns

309 2561 422 2634 multis
449 2582 570 2646 morer,
600 2561 671 2644 ipss
699 2560 738 2625 de
766 2582 804 2626 so
829 2557 976 2626 Sallustii
1004 2560 1103 2626 uerba
1132 2561 1252 2626 subieci
1281 2581 1323 2624 aa

280 2649 492 2717 lldstellus
512 2651 550 2715 in
569 2650 796 2715 ulteriorem
815 2647 1043 2735 Hispaniam
1069 2652 1158 2733 post
1182 2672 1321 2714 sunum
1336 2680 1363 2717 so

309 2762 512 2826 regressus
536 2762 672 2826 magua
696 2739 838 2826 glorio,
868 2740 1189 2805 concurrentibus
1214 2738 1322 2803 undi-

310 2852 380 2915 que
404 2830 522 2895 uirile
546 2834 583 2894 et
606 2830 791 2894 muliebre
815 2851 937 2911 secus,
961 2851 1026 2915 per
1050 2831 1134 2894 uias
1159 2832 1196 2894 et
1218 2834 1324 2894 tecta

310 2919 477 2984 omnium
510 2918 718 2983 uisebatur.
774 2941 854 2982 eum
889 2922 1072 3002 quaestor
1095 2917 1130 2984 C.
1153 2917 1323 2982 Vrbinus

311 3007 456 3091 aliique
489 3007 647 3090 cognita
679 3007 883 3071 uoluntate
917 3029 998 3072 cum
1031 3008 1073 3071 sd
1105 3029 1234 3071 cenam
1267 3008 1323 3070 in-

311 3095 546 3177 uitausraut,
565 3095 669 3159 ultrs
682 3094 891 3159 ltoiuanuui
907 3118 949 3159 ac
965 3096 1183 3160 mortalium
1205 3097 1322 3160 etium
1337 3126 1364 3163 m

245 3229 250 3240 ·
310 3204 451 3249 morsm
476 3184 663 3249 curabunt
693 3184 890 3249 exornatis
915 3184 1074 3248 aedibus
1098 3207 1164 3268 per
1188 3185 1325 3249 aulaea

311 3299 523 3307 -.··.-om·—

383 3364 417 3413 20
436 3358 535 3428 fragm.
555 3357 651 3413 histor.
672 3358 697 3411 lI
715 3364 749 3412 29
769 3376 795 3427 p.
818 3365 867 3412 139
887 3358 929 3412 cd.
949 3356 1047 3412 Kritzii

383 3526 399 3573 4
419 3519 586 3575 mundiorem
600 3534 674 3574 corr.
694 3519 725 3574 in
744 3519 914 3573 mundiciam
933 3520 965 3574 in
984 3519 1011 3572 Β
1071 3525 1087 3572 b
1107 3518 1218 3587 speculo
1238 3535 1326 3588 ponc-

311 3590 407 3646 batP
460 3589 908 3658 circumerrantes
971 3590 1095 3645 'luodol
1110 3606 1179 3646 corr.
1198 3591 1229 3645 in
1248 3591 1330 3644 nodis

310 3663 342 3717 r'n
358 3662 385 3716 Β
466 3661 634 3731 astringeret
653 3661 680 3715 P
754 3669 769 3717 8
788 3662 864 3717 nodi'i
880 3679 902 3733 p
922 3662 1037 3731 (nodum
1058 3661 1143 3716 latius
1162 3662 1326 3727 Saluianus)

311 3733 475 3788 tiucedere
495 3734 523 3788 Β
596 3738 629 3788 10
649 3733 693 3789 die
712 3751 755 3789 om
773 3731 810 3787 P'
884 3733 987 3788 ollenlo
1007 3733 1034 3786 Β
1111 3740 1142 3788 12
1163 3751 1192 3788 in
1211 3751 1326 3789 numero

311 3804 391 3862 luo*
410 3805 443 3873 P,
462 3824 491 3860 iii
511 3822 604 3860 umero
624 3806 671 3860 luo
691 3806 727 3875 B,
745 3806 844 3863 deinde
862 3807 946 3875 logei'i
966 3807 1023 3875 (scd
1041 3823 1057 3860 c
1072 3812 1160 3876 poian
1179 3807 1261 3863 eliani
1275 3825 1326 3876 pro

312 3876 450 3945 ellebori)
469 3878 496 3931 Β
553 3884 584 3933 16
604 3877 716 3952 lequute
737 3879 764 3932 P
820 3879 996 3948 nitia'primi
1015 3878 1112 3933 orilnl
1127 3879 1184 3934 uis.
1203 3875 1239 3931 P'
1294 3883 1326 3932 18

311 3980 462 4036 fuscellum
481 3980 516 4038 B'
578 3990 610 4037 is
630 3983 734 4039 salustii
752 3985 780 4037 P
838 3988 870 4039 ut
890 3984 917 4036 P
970 3991 1004 4039 22
1023 3962 1278 4053 uirilrtrmuliebrl}
1300 3988 1327 4040 Β

312 4103 391 4158 secus
405 4121 474 4160 coir.
494 4108 525 4160 a'n
544 4107 608 4161 sexu
628 4112 657 4162 i'n
675 4107 702 4159 B
752 4112 787 4161 28
806 4107 891 4176 gaius
907 4108 961 4162 BP
1009 4114 1043 4161 24
1062 4116 1132 4181 corio
1150 4070 1330 4163 inuitall'trP

312 4179 346 4228 25
366 4175 503 4230 mortalei'i
524 4173 561 4230 P'
616 4183 650 4231 26
670 4176 752 4230 aulea
770 4176 797 4230 Β
1132 4196 1133 4199 ’
