3322 5190
547 813 573 868 Il
593 818 697 869 10-1c
723 814 851 872 1111-u
1141 815 1208 882 418

194 975 366 1061 pertinent
412 979 463 1043 est
486 975 572 1041 enim
595 975 672 1042 huie
695 977 796 1042 aetati
819 976 1002 1063 loquacitas
1024 977 1207 1046 familiaris.

192 1064 274 1132 haee
297 1065 401 1132 sciens
420 1064 586 1131 Homerus
606 1065 769 1151 quandam
789 1067 975 1152 congeriem
995 1066 1093 1133 simul
1112 1066 1262 1136 inter-15

191 1153 399 1241 rogationum
422 1152 557 1221 Nestori
581 1154 658 1220 lecit
681 1155 787 1221 offerri

237 1272 264 1344 dr
287 1275 419 1365 Νέστορ
442 1279 636 1364 Νηληιάδη,
660 1281 702 1345 σὺ
726 1276 757 1345 d’
785 1276 909 1364 ἀληθὲς
931 1281 1100 1363 trenaee,

165 1393 179 1434 s
236 1377 306 1445 πῶς
327 1364 423 1433 ἔθαν’
446 1364 615 1454 Ἀτρείδης
637 1368 842 1454 εὐρυκρείων
862 1363 1090 1454 Ἀγαμέμνωνς

235 1465 302 1523 ποῦ
325 1455 499 1534 Μενέλαος
521 1459 595 1541 dmm

236 1543 258 1629 ἢ
280 1543 343 1611 οὐκ
356 1543 495 1631 ’Ἀργεος
516 1541 577 1629 ἦεν
595 1542 773 1631 Ἀχαιικοῦ.

192 1669 243 1733 tot
260 1669 413 1752 loquendi
428 1671 553 1735 semina
566 1668 801 1755 interrogando
816 1670 981 1755 congessit
995 1673 1032 1736 ut
1044 1671 1207 1755 pruritum

194 1757 370 1822 senectutis
394 1758 546 1842 expleret.
583 1761 617 1822 et
637 1756 848 1843 Vergilianus
868 1761 996 1823 Aeneas
1019 1763 1150 1844 gratum
1173 1778 1208 1823 se
1220 1758 1261 1824 16

155 1870 183 1910 ιο
196 1843 238 1908 ad
278 1844 388 1910 omnia
427 1845 587 1930 praebens
624 1845 778 1911 Euandro
819 1846 929 1910 uerius
970 1844 1019 1910 illi
1055 1845 1209 1911 narrandi

193 1932 379 1998 occasiones
407 1933 582 1999 ministrat.
628 1953 732 2017 neque
760 1933 846 1998 enirn
875 1933 914 1998 de
941 1955 1007 1998 una
1031 1954 1067 1997 re
1090 1937 1147 1997 aut
1170 1933 1210 1998 de

193 2021 298 2087 altera
321 2022 458 2107 requirit
481 2022 536 2087 sed

407 2145 538 2231 singula
561 2146 666 2211 laetus

239 2233 443 2320 exquiritque
467 2233 621 2319 auditque
645 2234 751 2299 uirum
773 2233 975 2300 monimenta
997 2233 1159 2319 priorum,

155 2360 229 2427 met
246 2356 400 2424 Euander
422 2358 717 2425 consultationibus
741 2361 854 2445 captus
878 2358 968 2425 scitis
988 2381 1086 2446 qnam
1105 2359 1208 2426 multa

195 2447 395 2515 narrauerit'.

284 2571 375 2638 Haeo
398 2572 556 2639 dicentem
585 2572 679 2639 laum
702 2572 847 2639 omnium
871 2572 1005 2658 excepit
1052 2573 1109 2639 sed
1131 2573 1263 2641 moxlll

196 2662 335 2728 subiecit
354 2660 499 2728 Auienus
523 2661 594 2728 ‘noa
618 2684 739 2747 omnes,
762 2662 817 2748 qui
841 2661 1008 2730 doctorum
1028 2663 1210 2730 doctissimi

197 2751 332 2836 adestis,
357 2752 527 2832 arcuerim,
550 2756 587 2817 ut
610 2754 743 2818 hortatu
767 2754 878 2818 uestro
901 2751 1105 2835 lluetathius,
1128 2775 1210 2839 quae

156 2841 237 2911 rede
270 2845 446 2907 scommate
479 2842 576 2928 paulo
611 2845 686 2907 ante
715 2841 843 2923 dixerit,
876 2842 1037 2907 animetur
1065 2842 1210 2928 aperire'.

198 2931 414 3015 omnibusque
460 2932 500 2996 ad
547 2931 609 2996 hoc
650 2931 903 3015 prouocantibus
945 2930 1002 2995 ille
1043 2932 1212 2997 contexuit

196 3017 338 3103 ‘praeter
383 3020 583 3104 categoriam,
629 3041 711 3104 quae
754 3021 859 3102 ψόγος
898 3022 962 3102 est,
1007 3020 1041 3082 et
1081 3021 1241 3102 praeter2

197 3107 371 3192 διαβολήν,
389 3129 472 3192 quae
491 3107 612 3174 delatio
630 3111 690 3192 est,
711 3111 788 3173 sunt
806 3106 870 3172 alia
889 3105 953 3173 duo
968 3106 1053 3191 apud
1068 3105 1210 3173 Graecos

197 3195 344 3279 uomina,
376 3197 527 3283 λοιδορία
560 3202 593 3262 et
623 3208 777 3282 σκῶμμα,
809 3196 927 3282 quibus
958 3217 1018 3261 nec
1051 3195 1211 3262 uocabula

156 3284 316 3354 collatino
351 3287 515 3370 repperio,
551 3287 614 3351 nisi
647 3287 731 3351 forte
763 3285 852 3351 dicas
885 3284 1065 3350 loedoriam
1097 3305 1211 3369 expro-

198 3373 383 3438 brationem
420 3395 491 3439 esse
524 3396 561 3439 ec
594 3374 749 3439 directam
784 3373 1029 3455 contumelium,
1067 3394 1212 3438 scomma

197 3460 284 3525 enim
317 3482 421 3544 paene
449 3462 582 3526 dixerim
612 3484 757 3527 morsum
785 3461 977 3547 figuratum,
1008 3461 1085 3545 quia
1114 3481 1212 3547 saepe

198 3548 310 3613 iraude
343 3550 394 3614 uel
426 3551 612 3616 urbanitate
641 3551 776 3636 tegitur,
807 3552 844 3613 ut
871 3548 957 3615 uliud
986 3551 1093 3634 sonet,
1126 3549 1213 3614 aliud

197 3637 378 3721 intellegas.
415 3662 475 3706 noc
493 3643 603 3704 tamen
621 3660 747 3723 semper
767 3637 808 3704 ad
827 3636 1077 3703 amaritudinem
1095 3638 1243 3723 pergitd

156 3725 255 3793 seced
278 3747 344 3791 non
366 3748 542 3813 numquam
566 3729 632 3810 his,
659 3726 693 3791 in
716 3748 799 3812 quos
823 3726 953 3806 iacitur,
981 3730 1015 3791 et
1038 3725 1130 3791 dulce
1153 3728 1211 3792 est.

197 3833 357 3843 *—

268 3897 285 3944 4
305 3892 356 3946 Od.
375 3911 392 3958 γ
411 3898 463 3947 117
521 3900 552 3948 13
572 3895 639 3947 Aen.
660 3889 725 3945 v111
744 3895 794 3944 811

269 4049 286 4096 t
305 4043 393 4115 ἔθαν’]
414 4044 485 4098 ΕΘΔ
500 4045 528 4098 Ρ
581 4042 761 4116 εὺροκρεῐων]
780 4042 933 4097 eminet*
951 4044 980 4097 Ρ
1032 4043 1211 4109 Ἀγαμέμνων

197 4128 248 4168 cm.
268 4114 297 4167 P
365 4120 400 4168 20
419 4130 545 4184 aperuere
564 4113 600 4170 F
675 4119 709 4169 11
727 4115 795 4169 ΨΟ(
814 4114 842 4168 Ρ
920 4115 1167 4170 ueteranorum
1187 4113 1216 4168 Ρ

197 4188 233 4239 14
252 4183 359 4240 ledono
378 4184 401 4239 u
419 4185 497 4241 loma
516 4187 545 4242 Ρ
597 4191 632 4243 11
651 4187 760 4242 ledorrt
780 4184 808 4240 Ρ
