3442 5190
714 787 766 842 vu
786 792 888 842 1o-ar
1265 787 1309 852 33

297 946 393 1010 otiam
414 945 494 1010 illud
518 945 724 1031 inpromptu
744 949 802 1028 est,
826 945 912 1031 quod
934 945 1057 1030 posteri
1081 967 1209 1032 quoque
1228 947 1309 1015 duos

297 1033 343 1098 cis
366 1034 535 1100 continuos
563 1056 690 1100 menses
720 1034 881 1115 dicarunt,
909 1038 947 1100 ut
974 1034 1153 1100 December
1180 1059 1309 1102 sacrum

297 1121 437 1209 Saturni,
455 1122 625 1188 Ianuarius
640 1124 773 1189 alterius
786 1124 983 1190 uocabulum
1001 1124 1191 1209 possideret
1228 1148 1309 1193 cum
1321 1131 1363 1195 24

298 1213 401 1277 inter
439 1213 533 1278 haec
569 1213 700 1280 subito
734 1212 921 1280 Saturnus
958 1235 1032 1280 non
1070 1215 1310 1299 comparuis-

271 1303 369 1386 sset,
393 1301 636 1388 excogitauit
654 1302 770 1368 Ianus
789 1303 975 1369 honorum
994 1303 1076 1368 eius
1096 1308 1311 1388 augmenta.

298 1412 341 1459 ac
362 1391 526 1475 primum
550 1393 692 1456 terram
717 1413 862 1457 omnem
887 1390 1030 1458 dicioni
1059 1413 1150 1458 suae
1172 1416 1309 1479 paren·

298 1485 371 1546 tem
408 1479 627 1546 Saturniam
659 1481 889 1547 nominauit:
923 1503 1024 1546 aram
1058 1481 1195 1548 deinde
1228 1505 1311 1549 cum

299 1569 420 1634 sacris
442 1572 639 1654 tamquam
663 1570 731 1637 dco
756 1569 944 1655 condidit,
967 1591 1061 1654 quae
1085 1568 1311 1637 Saturnalia

298 1658 526 1724 nominauit.
575 1663 627 1725 tot
654 1659 792 1725 saeculis
814 1657 1002 1726 Saturnalia
1028 1660 1227 1744 praecedunt
1248 1662 1310 1727 Ito·

261 1768 413 1812 romanae
431 1747 522 1812 urbis
543 1750 693 1814 aetatem.
721 1747 922 1814 obseruari
947 1748 1071 1834 igitur
1089 1770 1171 1814 eum
1194 1750 1311 1815 iussit

300 1835 504 1901 maiestate
527 1837 736 1923 religionis
758 1839 869 1924 quasi
894 1837 999 1903 uitae
1023 1837 1198 1903 melioris
1222 1860 1306 1904 auc·

300 1928 434 1990 torem:
452 1925 698 1991 simulacrum
717 1927 797 1992 eius
818 1925 964 1992 indicio
983 1931 1055 2011 est,
1078 1926 1138 1991 cui
1157 1926 1312 2014 falcem,

301 2012 452 2098 insigne
480 2014 630 2099 messis,
663 2014 814 2080 adiecit
860 2015 949 2079 huic
977 2015 1045 2080 deo
1069 2015 1366 2088 insertiones25

301 2100 539 2166 surculorum
558 2124 833 2188 pomorumque
856 2102 1107 2168 educationes
1131 2107 1169 2168 et
1192 2106 1313 2169 omni-

264 2210 360 2253 rsum
383 2189 567 2273 cuiusque
589 2190 691 2256 modi
713 2191 908 2256 fertilium
932 2189 1115 2256 tribuunt
1142 2191 1313 2276 discipli·

302 2298 377 2340 nas.
428 2274 672 2360 Cyrenenses
700 2278 831 2358 etiam,
863 2301 945 2344 cum
974 2299 1049 2342 rem
1078 2278 1249 2344 diuinam
1279 2280 1313 2345 ei

302 2364 467 2450 iaciunt,
490 2364 575 2431 ficis
599 2367 820 2433 recentibus
839 2369 1074 2434 coronantur
1091 2368 1312 2453 placentas-

303 2476 373 2539 que
391 2458 521 2521 mutuo
541 2455 753 2541 missitant,
775 2457 903 2523 mellis
923 2460 960 2523 et
978 2456 1171 2523 fructuum
1186 2480 1313 2543 reper-

304 2547 424 2607 torem
453 2543 657 2610 Saturnum
694 2547 958 2611 aestimantes.
1018 2544 1118 2611 hunc
1148 2545 1314 2612 Romani

265 2655 291 2694 ro
305 2631 420 2696 etiam
435 2629 669 2697 Sterculium
688 2637 842 2717 uocant,
861 2633 958 2717 quod
973 2632 1120 2715 primus
1141 2636 1313 2700 stercore

304 2719 583 2784 secunditatem
610 2720 718 2805 agris
746 2720 1044 2804 comparauerit.
1094 2721 1204 2806 regni
1232 2722 1368 2794 eiua26

304 2809 479 2890 tempora
506 2805 738 2872 felicissima
765 2806 942 2873 teruntur
969 2829 1052 2872 cum
1075 2813 1235 2893 propter
1258 2830 1316 2874 re-

303 2916 382 2959 rum
411 2894 560 2978 copiam
583 2897 662 2959 tum
691 2895 791 2980 quod
814 2895 980 2961 nondum
1009 2896 1212 2981 quisquam
1237 2918 1316 2962 ser-

304 2982 400 3049 uitio
423 2983 484 3049 uel
508 2982 692 3049 libertate
715 2983 1070 3069 discriminabatur,
1094 3008 1177 3070 quae
1195 3007 1246 3051 res
1269 2986 1318 3051 in-

267 3072 415 3158 ertcllogi
442 3073 566 3158 potest,
595 3073 680 3158 quod
710 3072 937 3140 Saturnalibus
965 3077 1036 3140 toto
1059 3076 1162 3140 seruis
1186 3075 1319 3142 licentia

305 3164 512 3248 permittitur.

393 3250 470 3317 Alia
489 3250 747 3318 Saturnaliorum
767 3275 866 3319 causa
884 3253 931 3318 sic
945 3252 1093 3319 traditur.
1124 3254 1187 3339 qui
1207 3257 1369 3336 erant27

307 3341 352 3406 ab
378 3340 544 3406 Hercule
576 3341 614 3406 iu
641 3341 761 3408 Italia
787 3342 933 3422 relicti,
964 3345 1002 3408 ut
1033 3341 1163 3428 quidam
1196 3343 1319 3428 ferunt,

308 3430 423 3516 irato,
446 3429 545 3515 quod
564 3431 846 3498 incustoditum
869 3432 1014 3498 fuisset
1033 3436 1260 3516 armentum,
1282 3437 1320 3497 ut

269 3542 372 3588 oorron
395 3520 478 3585 nulli
502 3521 677 3586 aestimant
700 3523 882 3588 consulto
906 3545 970 3587 eos
993 3522 1254 3606 relinquente,
1276 3524 1320 3587 ut

309 3631 410 3673 aram
434 3630 539 3674 suam
564 3613 680 3695 atque
703 3611 832 3677 aedem
855 3612 902 3676 ab
925 3610 1213 3677 incursionibus
1236 3614 1319 3676 tue-

379 3791 396 3838 t
414 3785 567 3854 augmenta
584 3784 622 3838 P:
641 3787 822 3854 augmentum
842 3785 878 3852 B,
896 3788 910 3838 1
927 3798 945 3835 a
962 3783 1058 3837 aaut
1114 3786 1146 3836 11
1167 3783 1321 3853 magestate

311 3856 339 3908 P
417 3861 450 3909 la
469 3853 637 3908 limulachrri
658 3855 686 3908 P
765 3860 797 3909 lt
817 3854 931 3908 adiacet
947 3851 984 3907 B'
1060 3857 1093 3906 16
1112 3853 1223 3936 cursone
1241 3851 1320 3906 modr

308 3926 418 3995 emina:
438 3924 911 4010 eururcam0d11’‚huncem9c113
965 3922 1125 3978 tribuuntur
1140 3925 1168 3978 P
1232 3928 1264 3979 11
1284 3939 1321 3978 cr·

310 3992 483 4192 {illiti}
518 4001 560 4122 1¹2⁷
580 3995 821 4137 {irretiri
870 3991 1179 4135 restructi
1221 3998 1261 4119 31¹
1275 3993 1323 4118 t:

312 4155 391 4192 aem

365 4237 505 4276 Macaoarvs
1093 4230 1108 4277 3
