3322 5190
667 834 720 890 1111
738 841 845 892 28-80
1200 835 1264 902 149

257 1019 347 1063 ausus
370 999 424 1063 eet
446 995 552 1062 dicere
577 996 680 1062 malo
698 996 809 1062 uiuat
831 1018 989 1082 anemque
1013 997 1145 1063 dimisit.
1192 998 1265 1083 quis

256 1107 313 1152 non
340 1086 477 1151 miratus
505 1088 567 1169 est,
594 1107 661 1151 non
684 1085 808 1152 offenso
831 1084 970 1152 Caesare
994 1086 1102 1152 abisse
1127 1087 1264 1153 militem

255 1171 493 1240 contumacem?

335 1262 519 1328 Veteranus
547 1284 620 1326 cunr
648 1262 700 1327 die
728 1262 791 1328 sibi
818 1262 905 1327 dicto
933 1262 1186 1347 periclitaretur,
1214 1264 1316 1330 rec-27

232 1352 346 1418 acessit
382 1351 416 1416 in
448 1350 580 1435 publico
612 1350 653 1416 ad
686 1349 873 1436 (laesuram,
907 1351 1102 1438 rogauitque
1130 1355 1168 1416 ut
1199 1352 1263 1418 eibi

251 1439 385 1506 adesset
428 1438 484 1505 ille
511 1438 722 1524 aduocatum,
749 1462 846 1525 quem
873 1462 912 1504 ex
936 1442 1092 1505 comitatu
1117 1462 1177 1506 suo
1201 1441 1263 1505 ele-

247 1533 353 1615 gerat,
385 1527 458 1593 sine
489 1550 583 1594 mora
611 1526 701 1594 dedit
730 1527 1033 1614 commendauitque
1061 1530 1091 1593 ei
1118 1528 1263 1614 litigato·

246 1638 325 1683 reru.
361 1617 557 1682 exclamauit
576 1616 705 1702 ingenti
723 1639 802 1683 uoce
822 1620 996 1682 ueteranus
1020 1621 1059 1681 at
1082 1639 1157 1682 non
1181 1623 1265 1704 ego,

247 1704 402 1789 Caesar,
426 1705 680 1790 periclitante
703 1708 740 1770 te
768 1705 929 1771 Actiaco
953 1705 1056 1770 bello
1075 1706 1263 1770 uicarium

200 1814 224 1854 ro
244 1795 446 1881 quaesiui,
471 1794 537 1859 sed
556 1816 624 1879 pro
648 1797 686 1859 te
709 1794 793 1878 ipsc
815 1794 986 1881 pugnaui
1009 1792 1195 1880 detexitque
1218 1794 1264 1858 in·

242 1905 377 1970 pressas
409 1883 587 1949 cicatrices.
640 1883 772 1949 erubuit
804 1883 926 1949 Caesar
958 1884 1110 1967 uenitque
1143 1883 1177 1947 in
1211 1881 1265 1948 ad-

238 1974 469 2054 uocationem,
499 1977 537 2036 ut
569 1973 623 2057 qui
657 1977 823 2038 uereretur
855 1994 922 2038 non
949 1973 1108 2056 superbus
1135 1975 1264 2036 tantum

245 2061 425 2127 sedetiam
449 2059 597 2146 ingratus
621 2060 732 2125 uideri.

340 2148 527 2214 Delectatus
558 2149 644 2212 inter
676 2169 789 2212 cenam
823 2151 893 2212 erat
926 2146 1167 2230 symphoniacis
1196 2146 1318 2214 'ro-28

180 2246 215 2287 ¹⁵
249 2236 352 2302 ronii
382 2235 512 2302 Flacci
544 2235 729 2320 mangonis,
762 2238 862 2320 atque
895 2256 950 2300 eos
979 2236 1141 2300 frumento
1168 2233 1266 2299 dona-

249 2327 352 2407 uerat
375 2346 448 2390 cum
470 2323 504 2389 in
525 2324 590 2388 alia
609 2327 796 2389 acroamata
815 2323 932 2390 fuisset
949 2323 1092 2388 nummis
1111 2322 1266 2407 liberalis,

255 2414 446 2499 eosdemque
476 2418 591 2499 postea
614 2412 775 2479 Turonius
804 2434 904 2499 aeque
927 2414 1012 2479 inter
1035 2434 1147 2478 cenam
1172 2435 1266 2498 quae·

253 2505 337 2570 renti
359 2503 492 2570 Caesari
511 2503 558 2568 sic
582 2503 748 2568 excusauit
772 2502 816 2568 ad
842 2503 964 2568 molas
988 2505 1087 2568 sunt.

341 2591 499 2660 Sublimis
524 2588 660 2658 Actiaca
686 2592 824 2658 uictoria
847 2592 1079 2658 reuertebatur.
1124 2591 1265 2657 occurrit
1274 2596 1317 2662 29

175 2685 227 2730 ’⁰
263 2681 287 2746 ei
306 2682 392 2747 inter
416 2682 619 2767 gratulantes
642 2703 797 2746 coruum
818 2685 940 2766 tenens,
964 2703 1059 2766 quem
1078 2680 1265 2745 instituerat

259 2769 331 2837 haec
350 2771 454 2836 dicere
474 2792 543 2836 aue
561 2769 703 2837 Caesar
722 2771 851 2836 uictor
870 2771 1090 2854 imperator.
1127 2770 1264 2833 miratus

262 2857 369 2925 Caesar
389 2859 568 2925 officiosam
589 2880 683 2923 auem
703 2859 822 2945 uiginti
842 2858 973 2923 milibus
993 2880 1162 2922 nummum
1177 2859 1265 2922 emit

262 2948 357 3014 socius
381 2948 524 3034 opificis,
546 2948 585 3012 ad
611 2969 706 3032 quem
730 2947 812 3011 nihil
836 2969 874 3012 ex
898 2947 956 3012 illa
978 2947 1174 3012 liberalitate
1197 2968 1265 3030 per·

261 3040 397 3121 uenerat,
428 3036 612 3102 adfirmauit
643 3035 790 3121 Caesari,
821 3036 941 3101 babere
973 3035 1066 3100 illum
1100 3039 1133 3100 et
1165 3035 1264 3100 alium

189 3130 243 3179 ’ὅ
262 3147 400 3211 coruum,
428 3147 522 3212 quem
551 3130 589 3191 ut
616 3126 741 3191 adferre
764 3127 934 3212 cogeretur
957 3125 1097 3211 rogauit.
1138 3124 1265 3189 adlatus

262 3217 351 3281 uerba
366 3238 449 3301 quse
463 3214 621 3280 didicerat
634 3215 795 3300 expressit
817 3237 886 3279 aus
905 3214 1034 3279 uictor
1052 3214 1267 3297 imperator

261 3303 406 3370 Antoni.
457 3303 541 3367 nibil
570 3306 779 3387 exasperatus
807 3304 887 3368 satis
915 3301 1008 3367 duxit
1035 3301 1146 3366 iubere
1174 3301 1265 3365 illum

260 3391 394 3458 diuidere
417 3391 608 3457 donatiuum
632 3412 703 3456 cum
723 3392 961 3456 contubernali.
997 3390 1159 3455 salutatus
1179 3390 1265 3454 simi·
1277 3398 1320 3463 30

260 3479 326 3546 liter
354 3504 374 3546 a
406 3479 579 3565 psittaco
610 3479 673 3543 emi
702 3500 774 3544 eum
801 3479 904 3544 iussit.
954 3478 1038 3543 idem
1068 3479 1205 3542 miratus
1233 3478 1266 3541 in

225 3569 339 3652 apice
365 3568 602 3653 huncquoque
625 3567 770 3632 redemit.
815 3567 997 3651 exemplum
1022 3569 1165 3631 sutorem
1191 3587 1267 3650 pau·

260 3676 360 3738 parem
388 3655 592 3738 sollicitauit,
625 3657 662 3718 ut
688 3677 845 3719 coruum
872 3655 1059 3719 institueret
1086 3654 1126 3718 ad
1154 3675 1265 3738 parem

260 3745 495 3828 salutationem,
524 3745 578 3828 qui
606 3743 760 3827 inpendio
787 3743 964 3809 exhaustus
990 3764 1086 3826 saepe
1109 3743 1149 3807 ad
1174 3764 1266 3806 auem

324 3924 357 3973 10
375 3917 523 3988 impressas
538 3917 567 3972 P
618 3921 652 3971 14
670 3921 696 3972 ct
717 3923 747 3971 rt
763 3933 878 3972 caenam
898 3918 925 3970 B
982 3921 1015 3969 14
1029 3915 1228 4040 simphoniucri
1241 3916 1270 3970 P

260 3990 288 4043 lt
305 3988 432 4044 iumento
453 3985 490 4042 P'
552 3993 585 4042 tt
604 3987 765 4043 acroamata
783 3987 812 4042 P
866 3987 1032 4042 nummusb
1098 3985 1216 4040 rberatri
1230 3983 1266 4040 B'

261 4061 288 4112 lt
306 4058 424 4129 sontem
444 4057 485 4114 B'
564 4063 596 4112 21
617 4057 691 4112 bane
709 4054 744 4111 B'
819 4062 854 4111 ΞΒ
872 4057 1030 4124 nimorlP
1100 4062 1134 4111 tt
1154 4057 1268 4179 ropanrt

258 4143 302 4182 cur.
323 4129 350 4183 P
413 4127 552 4184 allatasb
620 4134 655 4183 26
674 4143 727 4182 aue
746 4129 775 4183 b:
795 4128 867 4183 habe
889 4128 923 4194 P,
943 4127 996 4182 hac
1015 4127 1043 4180 B
1106 4128 1266 4197 ttprtaeo

259 4198 309 4269 Pb,
326 4199 452 4270 blrptaco
470 4199 498 4253 B
552 4203 587 4253 8²
605 4197 749 4269 rrnpcndro
768 4199 796 4253 P
