3322 5190
327 794 394 871 322
719 794 794 851 aar.
808 793 906 850 maur
926 795 950 850 v

276 954 437 1021 10sudits
459 976 546 1020 nunc
567 952 706 1039 Vergilii
728 977 857 1040 uersus,
881 960 920 1021 ut
940 955 1111 1021 inchoasse
1134 977 1207 1021 eum
1230 955 1338 1021 uerius

329 1064 426 1128 quam
448 1041 619 1127 perfecisse
643 1042 758 1108 dicatis

373 1168 485 1249 portus
510 1165 551 1229 sb
575 1185 706 1231 accessu
729 1168 900 1229 uentorum
923 1164 1065 1230 inmotus
1089 1169 1123 1229 et
1145 1166 1260 1251 ingens

372 1253 459 1338 ipse:
482 1253 539 1317 sed
561 1252 720 1318 horrificis
742 1253 833 1318 iuxta
856 1256 950 1318 tonat
972 1253 1080 1317 Aetna
1103 1253 1215 1335 ruinis,

372 1342 599 1426 interdumque
622 1346 727 1407 atram
750 1342 935 1427 prorumpit
957 1342 998 1407 ad
1022 1343 1155 1408 aethera
1176 1342 1306 1420 nubem,
1366 1366 1379 1407 s

371 1431 501 1495 turbine
524 1430 706 1495 fumantem
728 1429 819 1513 piceo
843 1434 876 1493 et
897 1429 1055 1494 candente
1078 1429 1201 1512 fauilla,

372 1517 564 1601 adtollitquo
588 1517 705 1602 globos
728 1517 933 1583 flammarum
957 1522 990 1581 at
1013 1517 1118 1583 sidera
1141 1517 1267 1582 lambit

372 1606 533 1672 interdum
558 1606 707 1690 scopulos
731 1606 908 1690 suulanus
930 1606 1055 1671 uiscera
1078 1607 1199 1671 montis

373 1694 470 1780 erigit
493 1698 651 1776 eructans,
674 1693 912 1779 liquefactaque
935 1717 1014 1758 saxa
1037 1695 1098 1759 sub
1122 1715 1216 1759 auras

373 1804 446 1848 curn
471 1783 592 1867 gemitu
617 1783 785 1868 glomeret,
808 1782 971 1866 fundoque
995 1787 1163 1848 exaestuat
1185 1782 1259 1846 imo.
1354 1807 1380 1845 ro

279 1904 364 1970 llin
392 1905 551 1990 principio
580 1904 737 1970 Pindarus
763 1905 894 1971 uenisti
924 1907 1096 1971 obsecutus
1124 1905 1219 1988 dixit,
1252 1907 1339 1989 quod

330 1998 490 2079 reserat,
516 1994 663 2080 quodque
691 1994 760 2060 illio
783 1994 885 2060 oculis
909 1993 1169 2081 deprehenditur,
1197 1994 1339 2061 interdiu

329 2083 455 2149 fumare
478 2083 632 2163 Aetnam,
658 2087 756 2148 noctu
784 2082 992 2169 flammigero.
1037 2080 1201 2169 Vergilius
1230 2087 1340 2149 auteur

329 2173 404 2240 dum
446 2173 482 2237 in
522 2173 661 2257 strepitu
703 2172 874 2257 sonituque
910 2173 1084 2239 uerbomm
1121 2173 1339 2258 conquirendo

330 2260 508 2346 laborauit,
542 2264 714 2345 utrumque
746 2265 874 2344 tempus
905 2261 996 2325 nulla
1027 2262 1219 2326 discretione
1252 2262 1341 2327 facta
1355 2283 1379 2324 n

278 2348 506 2414 12confundit.
555 2352 652 2433 atque
680 2349 737 2412 ills
765 2347 907 2413 Graecus
935 2348 1064 2433 quidem
1091 2347 1199 2413 fontes
1227 2349 1340 2414 inritus

328 2437 414 2520 ignis
447 2439 593 2501 eructare
625 2441 659 2500 et
689 2435 787 2500 fluere
819 2458 931 2500 amnes
963 2435 1044 2500 fumi
1076 2440 1109 2500 et
1135 2436 1340 2511 flammarum

327 2523 419 2590 fulua
455 2529 489 2588 et
524 2528 672 2589 tortuosa
702 2522 872 2589 uolumina
903 2524 937 2588 in
969 2524 1085 2609 plagas
1118 2524 1216 2590 maris
1247 2525 1340 2611 ferre,

329 2612 419 2697 qussi
443 2613 599 2698 quosdam
623 2611 736 2697 igneos
760 2631 892 2696 angues,
914 2612 1074 2677 luculente
1098 2611 1189 2678 dixit.
1234 2617 1268 2679 at
1287 2614 1340 2679 hic

328 2705 437 2767 uester
474 2705 595 2766 atram
628 2701 766 2764 nubem
799 2700 955 2764 turbine
988 2701 1096 2784 piceo
1129 2711 1166 2765 et
1198 2702 1380 2768 fauillam

329 2791 501 2854 fumante
538 2788 620 2876 ῥόον
656 2797 785 2854 καπνοῦ
822 2794 953 2854 αἴθωνα
985 2789 1192 2874 interpretari
1226 2792 1340 2856 uolens

329 2899 435 2944 orasse
459 2883 492 2942 et
514 2878 673 2943 inmodice
692 2879 865 2962 congessit,
887 2878 1026 2962 globos
1046 2883 1141 2962 atque
1165 2879 1340 2946 flamina-

330 2989 423 3049 rum,
456 2967 539 3050 quod
572 2966 627 3031 ille
660 2967 823 3051 κρουνούς
851 2965 988 3046 dixerat,
1022 2966 1145 3031 duriter
1172 2969 1280 3051 posuit
1308 2975 1340 3033 et

279 3054 467 3138 13ἀκύρως.
511 3054 572 3119 hoo
596 3076 673 3118 uero
697 3057 749 3119 uel
772 3056 987 3120 inenarrabile
1010 3060 1069 3138 est,
1093 3056 1178 3138 quod
1202 3057 1338 3120 nubem

330 3147 453 3209 atram
491 3143 637 3208 turnare
670 3142 753 3206 dixit
788 3143 944 3206 turbine
981 3143 1089 3226 piceo
1123 3148 1161 3207 et
1197 3143 1378 3209 fanilluea

330 3232 525 3297 candente.
566 3253 632 3296 non
656 3231 741 3295 enirn
765 3229 889 3293 fumare
912 3231 1019 3294 solent
1041 3252 1146 3314 neque
1167 3236 1239 3295 atra
1258 3255 1338 3316 esse,

329 3342 412 3406 quae
443 3326 520 3385 sunt
546 3321 729 3404 candentia,
757 3318 822 3383 nisi
849 3319 933 3383 forts
961 3318 1139 3385 candenti
1164 3319 1244 3384 dixit
1267 3343 1338 3405 per·-

331 3409 464 3495 uulgate
492 3414 525 3472 et
546 3408 711 3492 inproprie
734 3430 793 3493 pro
818 3407 971 3490 feruenti,
1001 3429 1067 3473 non
1090 3430 1148 3493 pro
1172 3409 1338 3489 relucenti,

399 3617 415 3665 3
435 3609 519 3677 Verg.
539 3609 606 3662 Aen.
626 3609 664 3661 lll
683 3614 735 3664 670

399 3795 537 3864 bpontoi
553 3796 581 3848 P
636 3795 768 3849 uurnotul'
784 3796 811 3848 P
862 3796 978 3850 lichno
998 3796 1026 3848 P
1081 3803 1110 3849 11
1127 3796 1294 3863 obsequutus
1313 3799 1339 3850 Ρ

330 3871 361 3918 13
382 3865 462 3919 &bna
480 3866 507 3918 P
563 3872 594 3919 16
609 3866 722 3933 quidem
736 3883 786 3920 orn.
803 3864 837 3919 P'
893 3867 990 3921 imitui
1000 3867 1114 3935 Lipsius
1128 3869 1202 3936 ‹rpud
1218 3867 1337 3923 Gellium

331 3935 362 3987 X
368 3935 436 4001 VII,
452 3940 496 4000 10,
512 3936 741 3989 13:1m1torn1'l’
790 3943 821 3991 17
838 3951 983 3993 eructuans
1000 3938 1027 3989 P
1076 3944 1107 3990 111
1123 3939 1221 4006 igneos
1232 3939 1299 3992 anei
1313 3940 1341 3991 P

329 4011 361 4058 21
383 4007 473 4059 ΡΟΥΝ
495 4006 522 4056 Ρ
611 4012 644 4057 21.)
669 4006 817 4060 immodice
839 4010 866 4060 Ρ
954 4007 1339 4077 globoilquoq.lcruri1qit

329 4073 377 4196 gilo
395 4074 422 4127 P
453 4146 459 4158 ι
484 4081 518 4128 26
538 4082 584 4128 eui
603 4077 662 4128 inlu
679 4079 683 4143 Ι
699 4090 775 4129 msto
796 4077 824 4128 P
885 4085 918 4133 27
938 4078 1011 4131 drxrt
1028 4094 1077 4132 ona
1097 4078 1131 4145 P,
1150 4080 1213 4133 aeid.
1235 4077 1339 4134 Corsto-

347 4160 472 4213 repressam
