3322 5190
305 801 373 866 424
680 798 756 857 SA'I'.
776 798 872 856 LIBRI
892 800 943 857 Vll

308 983 432 1028 canere.
478 965 527 1026 eat
550 961 633 1025 euim
658 961 819 1026 rhetorica
842 962 996 1044 prolusio,
1020 982 1207 1026 communes
1231 962 1319 1026 locos

308 1050 342 1114 in
365 1050 526 1114 utramuis
549 1051 673 1132 partem
699 1048 904 1113 inuentorum
928 1049 1146 1113 alternatione
1170 1053 1319 1112 tractare.

308 1135 364 1202 aad
393 1138 468 1220 quia
495 1135 624 1201 facilius
648 1133 844 1201 Graecorum
873 1136 1119 1201 inuentionibus
1143 1159 1162 1200 a
1186 1135 1320 1201 Graecia

308 1223 391 1290 furta
422 1224 497 1289 aliis
530 1224 633 1288 relata
664 1224 873 1309 respondent,
910 1229 956 1308 te,
989 1223 1156 1305 Eustatlri,
1190 1246 1320 1288 oramus

308 1333 433 1396 omnes,
463 1316 501 1377 ut
528 1333 622 1377 seusa
650 1316 683 1377 et
709 1313 842 1378 inuenta
866 1310 986 1377 Disarii
1014 1313 1189 1377 contrariis
1218 1312 1320 1397 repel·
1346 1338 1360 1377 a

307 1400 402 1466 leudo
422 1401 455 1466 iu
476 1401 639 1485 integrum
658 1400 812 1466 restituas
832 1404 1074 1466 exauctoratum
1095 1402 1319 1465 conuiuiorum

306 1487 473 1572 leporem?

277 1576 299 1641 ὁ
397 1575 459 1641 llle
492 1575 546 1640 diu
578 1575 639 1640 hoc
672 1598 690 1640 a
718 1598 752 1641 se
780 1575 922 1642 officium
951 1577 1155 1660 deprecatus,
1188 1576 1243 1641 ubi
1272 1579 1322 1640 tot

309 1665 545 1751 impellentium
573 1686 759 1750 procerum,
786 1666 904 1751 quibus
931 1665 1127 1730 obuiundnm
1151 1687 1217 1730 nou
1242 1669 1322 1748 erut,

309 1756 455 1821 hortatui
483 1755 652 1820 succubuit
678 1753 823 1821 ‘bollum'
848 1752 1216 1839 inquit³duobusn1ihi
1241 1755 1321 1819 ami·
1337 1780 1362 1818 m

310 1844 450 1910 cissimis
484 1865 583 1928 cogor
615 1843 768 1926 indicere,
799 1842 928 1908 Disario
958 1847 991 1908 et
1019 1843 1237 1907 continentiae
1266 1844 1323 1907 sed

311 1933 352 1998 ab
385 1933 578 1998 anctoritate
611 1936 720 1998 uestro
752 1938 916 2018 tamquam
951 1933 992 1996 ub
1025 1932 1128 1997 edicto
1159 1933 1321 2016 lineatoris

311 2023 487 2106 impetrata
519 2022 614 2087 uenia
647 2021 743 2107 gulae
776 2027 961 2107 patronum,
995 2022 1070 2105 quio
1103 2042 1234 2087 uacasse
1263 2029 1324 2104 est,

280 2110 495 2197 ssprofitebor.
542 2111 575 2175 in
601 2112 704 2195 primo
728 2111 882 2194 speciosis
907 2112 1012 2196 magis
1037 2132 1133 2194 quoni
1157 2112 1258 2195 ueris,
1288 2121 1324 2177 ut

310 2200 491 2284 docebitur,
528 2201 683 2283 exemplis
720 2222 822 2282 paene
854 2221 913 2264 nos
948 2199 1067 2265 Diaarii
1100 2202 1204 2266 nostri
1236 2202 1361 2287 cepitis

310 2289 489 2374 ingenium.
526 2289 573 2354 ait
596 2289 682 2353 enim
706 2288 843 2372 pecudes
867 2288 1006 2372 simplici
1029 2289 1076 2354 uti
1101 2291 1172 2355 cibo
1196 2294 1230 2355 et
1248 2292 1321 2356 ideo

310 2378 488 2462 expugnari
512 2377 676 2441 difficilius
700 2399 811 2441 aarum
835 2400 932 2462 quam
952 2377 1118 2443 bominum
1138 2379 1321 2444 sanitatem.

279 2464 365 2531 ‘laed
398 2470 569 2549 utrumque
600 2464 719 2528 fulsum
747 2465 899 2548 probabo.
951 2487 1025 2529 nam
1053 2487 1156 2549 neque
1183 2467 1322 2550 simplex

308 2557 359 2617 est
386 2553 582 2618 animalibus
612 2554 710 2616 mutis
738 2553 906 2632 alimonia,
934 2575 994 2617 neo
1022 2553 1062 2617 ab
1092 2552 1159 2616 illis
1182 2574 1321 2636 quamn

309 2641 403 2705 nobis
428 2641 534 2704 morbi
558 2641 758 2704 remotiores.
799 2643 941 2704 testatur
963 2662 1063 2704 uniam
1086 2640 1227 2704 uarietas
1246 2664 1319 2724 pra·
1336 2666 1363 2704 so

310 2732 431 2806 torum,
455 2752 535 2810 quae
560 2729 786 2810 depascuntur,
810 2728 926 2812 quibus
950 2729 1070 2791 herbae
1095 2734 1170 2791 sunt
1193 2751 1322 2793 amarae

308 2817 431 2899 pariter
454 2822 487 2880 et
509 2817 626 2898 dulces,
654 2817 737 2879 aliae
762 2838 872 2880 aucium
897 2817 1035 2880 calidum
1060 2816 1142 2879 aliae
1166 2816 1322 2898 frigidum

309 2907 500 2986 nutrientes,
523 2910 559 2967 ut
582 2905 672 2967 nulla
696 2905 803 2967 culina
826 2906 930 2986 possit
952 2909 1018 2966 tarn
1039 2903 1165 2966 diuersa
1185 2904 1322 2984 eoridire,

278 2994 406 3074 aquam
435 2993 468 3054 in
496 2991 605 3055 herbis
633 2995 750 3054 natura
778 2993 924 3054 uariauit.
972 2997 1069 3055 notus
1099 2998 1148 3053 ast
1171 2992 1321 3054 omuibus

308 3079 485 3162 Eupolis,
509 3079 594 3141 inter
618 3079 784 3162 elegantes
808 3079 974 3142 habendus
999 3079 1115 3141 ueteris
1135 3078 1319 3142 comoediae
1335 3103 1362 3142 aa

310 3173 432 3251 poetas.
478 3166 563 3230 isin
588 3166 713 3249 fabulo,
742 3188 824 3250 quae
848 3167 1034 3231 inscribitur
1057 3161 1172 3249 Αἶγες,
1197 3166 1320 3232 irulucit

309 3278 422 3340 capras
446 3256 484 3319 de
508 3255 573 3320 cibi
598 3257 648 3321 sui
672 3257 765 3339 copia
789 3255 822 3319 in
847 3256 925 3320 liaeo
950 3279 982 3320 se
1007 3257 1105 3320 uerba
1128 3257 1288 3321 iactantes

277 3383 297 3446 9
353 3379 531 3467 βοσκόμεθ’
568 3382 649 3465 ὕλης
682 3379 745 3445 ἀπὸ
780 3382 1005 3464 παντοδαπῆς,
1039 3380 1166 3464 ἐλάτης,
1199 3383 1321 3466 πρίνου

998 3472 1145 3554 κομάρου
1170 3495 1202 3536 τε
1213 3523 1222 3555 ,

306 3598 365 3607 ..——

378 3688 412 3737 28
431 3681 567 3737 Meinetii
586 3682 687 3750 fragia.
706 3695 775 3734 conr.
796 3679 807 3730 l
828 3685 879 3734 426

379 3877 592 3929 lrdhorrcaP
662 3876 861 3927 dexaiiturutu
883 3873 920 3926 P'
996 3881 1027 3928 15
1054 3878 1189 3944 exemplis
1208 3894 1258 3930 om.
1285 3878 1320 3945 1²,

304 3950 369 4003 odd.
391 3948 520 4002 Curetubr.
583 3952 613 3998 17
634 3946 719 3998 sonito
739 3944 775 3996 P‘
838 3945 1103 4015 astunuo1]oml’
1159 3954 1191 3999 22
1213 3951 1319 4015 puriter

304 4035 354 4074 ons.
375 4014 410 4071 P'
485 4018 606 4089 tbpgel
622 4018 649 4069 P
720 4010 887 4083 27011ul¹‘
963 4021 996 4068 ‘28
1017 4018 1319 4084 ΕΛΑ]ΤΕ(ΠΡΙ*ΝΟΥ

305 4091 346 4156 (ia
376 4103 430 4144 rus.
458 4105 515 4143 non
542 4089 653 4143 uidetur
682 4088 773 4141 littero
799 4087 885 4153 faisse
908 4087 954 4141 sed
977 4087 1057 4142 locato
1080 4093 1186 4143 tautum
1211 4089 1320 4142 litterae

304 4165 412 4230 coeptae
431 4159 476 4215 sed
495 4175 550 4214 reon
565 4160 712 4230 perfectae)
731 4158 760 4211 P
