3322 5190
671 906 775 962 XVIIII
793 912 881 963 8-18
1209 909 1275 976 561

262 1069 404 1135 refundit
430 1069 614 1136 claritatem
641 1092 708 1136 non
735 1072 884 1138 calorem.
933 1092 1011 1136 nam
1038 1074 1072 1137 ot
1099 1072 1277 1158 speenlnm,

262 1180 334 1223 aum
353 1158 560 1243 splendorem
579 1159 618 1223 de
637 1181 672 1224 aa
690 1159 724 1224 ui
743 1159 885 1245 appositi
904 1159 1030 1226 eminus
1044 1159 1130 1244 ignis
1144 1161 1276 1246 emittit,

261 1246 365 1311 solam
383 1246 470 1334 ignis
484 1247 731 1312 similitudinem
745 1251 910 1313 carentem
925 1269 1022 1314 sensu
1036 1248 1153 1313 oaloria
1169 1251 1274 1315 osten·

260 1334 315 1400 dit.
362 1358 457 1420 quem
486 1336 548 1400 soli
578 1335 722 1400 ordinem
745 1335 841 1401 Plato
869 1335 995 1402 dederit
1021 1337 1072 1401 uel
1101 1335 1171 1401 eius
1198 1358 1271 1403 aue·
1284 1339 1327 1406 14

231 1428 360 1508 atores,
392 1445 515 1509 quosue
542 1422 655 1491 Oioero
688 1427 818 1490 secutus
851 1428 1001 1511 quartum
1035 1425 1143 1491 looum
1171 1425 1272 1580 globo

260 1513 328 1578 eina
351 1513 589 1601 adsignanerit,
615 1515 667 1579 nel
695 1535 778 1600 qnae
801 1515 886 1581 ratio
907 1515 1152 1599 persuasionem
1200 1515 1272 1582 nius
1363 1571 1367 1577 .

259 1601 456 1668 diuersitatis
474 1602 646 1688 induxerit,
664 1605 698 1668 et
712 1625 769 1669 our
783 1602 900 1668 dixerit
913 1603 1040 1670 Tullius
1058 1602 1097 1669 in
1116 1604 1273 1672 infimo·

259 1713 329 1775 que
353 1692 443 1757 orbe
467 1691 557 1758 luna
579 1692 703 1758 radiis
727 1691 823 1758 solis
842 1713 1003 1758 aceensa
1022 1692 1273 1759 oonuertitnr

259 1780 338 1846 satia
357 1781 478 1847 dictum
498 1780 632 1866 estred
651 1781 703 1847 his
717 1781 779 1848 hoo
792 1779 992 1847 adiciendum
1007 1784 1066 1865 eat,
1085 1803 1142 1848 eur
1155 1778 1270 1848 Cicero

220 1889 245 1929 n
259 1891 331 1935 eum
354 1875 505 1956 quartum
529 1871 569 1936 de
596 1875 721 1956 septem
744 1869 847 1936 aolern
875 1870 970 1955 uelit,
999 1872 1135 1957 quartus
1162 1874 1271 1938 autem

258 1959 343 2024 inter
365 1962 489 2045 septem
512 1982 577 2026 non
602 1961 670 2025 iere
691 1959 818 2025 medius
842 1959 898 2025 aad
920 1959 1010 2025 omni
1029 1959 1126 2027 modo
1145 1960 1271 2027 medius

258 2051 291 2111 et
317 2049 361 2113 sit
387 2052 421 2113 et
447 2047 620 2132 habeatur,
653 2069 719 2113 non
747 2049 884 2133 abrupte
912 2047 1055 2113 medinm
1083 2047 1185 2114 solem
1214 2049 1271 2114 sed

257 2135 338 2200 fere
375 2136 538 2201 medium
575 2135 693 2200 dixerit
729 2136 782 2201 his
814 2136 923 2202 uerbis
959 2135 1097 2201 deiude
1133 2136 1271 2203 subter

257 2222 420 2287 mediam
456 2223 537 2289 iere
574 2225 769 2308 regionem
808 2223 866 2288 sol
898 2223 1059 2306 optinet
1115 2223 1170 2288 sed
1204 2223 1325 2290 nonlb

218 2327 245 2369 rs
257 2313 355 2374 uacat
373 2311 522 2394 adiectio,
541 2333 605 2396 qua
623 2311 704 2375 haee
721 2310 944 2394 pronuntiatio
961 2314 1169 2395 temperatur,
1191 2333 1269 2377 nam

257 2398 307 2462 sol
331 2402 483 2483 quartum
505 2401 612 2466 Ioeum
632 2399 783 2484 optinens
802 2397 941 2464 mediam
959 2398 1126 2483 regionem
1144 2399 1270 2465 tenebit

258 2508 405 2574 nurnero,
439 2487 546 2573 spatio
579 2509 643 2552 non
677 2485 810 2552 tenebit.
864 2485 893 2553 ei
924 2487 1010 2551 inter
1041 2490 1150 2553 ternos
1182 2488 1269 2554 enim

257 2597 401 2643 summos
428 2580 462 2642 et
488 2576 571 2643 imos
595 2577 733 2662 locatur,
761 2577 832 2642 sine
859 2576 958 2642 dubio
986 2576 1111 2642 medius
1138 2579 1189 2641 est
1211 2599 1268 2642 nu·

257 2687 355 2749 moro,
374 2665 431 2731 aed
449 2667 550 2732 totius
566 2665 675 2753 spatii,
689 2664 774 2751 quod
789 2668 912 2751 septem
928 2664 1085 2751 sphaerae
1100 2669 1269 2751 oeeupant,

216 2774 242 2814 ao
256 2755 454 2822 dimensione
472 2758 642 2841 perspecta
657 2755 746 2842 regio
761 2755 842 2821 solis
857 2777 921 2820 non
936 2754 1099 2820 inuenitur
1112 2753 1146 2819 in
1160 2755 1266 2823 medio

256 2846 363 2929 spatio
392 2845 513 2926 locata,
541 2844 618 2929 quia
644 2845 750 2930 magia
778 2866 798 2909 a
826 2864 953 2909 summo
982 2843 1065 2928 ipse,
1097 2865 1195 2930 quam
1224 2845 1266 2911 ab

255 2932 328 3016 ipso
356 2933 489 2998 recessit
511 2933 577 2998 ima
599 2932 821 3017 postremitas,
849 2932 934 3017 quod
959 2932 1028 2997 aine
1050 2933 1119 2998 ulla
1141 2931 1228 2999 diaoe
1252 2968 1265 2983 ·

254 3022 390 3087 tationis
418 3022 556 3107 ambage
584 3020 813 3108 compendiosa
835 3020 991 3107 probabit
1012 3020 1164 3088 adsertio.
1235 3021 1320 3088 alo

254 3111 341 3175 turni
366 3111 469 3191 stella,
493 3133 575 3197 qnae
599 3133 727 3177 summa
749 3114 807 3194 est,
830 3110 994 3176 zodiacum
1014 3110 1153 3196 triginta
1170 3110 1265 3178 annis

213 3216 240 3257 ’ὁ
254 3205 414 3287 peragrat,
432 3200 481 3268 sol
502 3200 626 3266 medius
646 3223 731 3267 anno
750 3223 824 3282 uno,
844 3200 922 3265 luna
939 3200 1056 3266 ultima
1073 3222 1139 3266 uno
1153 3221 1265 3266 menae

252 3311 317 3353 nou
349 3290 486 3375 integro.
541 3292 670 3355 tantum
702 3308 779 3375 argo
812 3289 949 3354 interest
978 3289 1065 3354 inter
1097 3289 1200 3354 solem
1233 3293 1266 3355 et

252 3375 428 3443 Saturnum
462 3381 619 3464 quantum
653 3379 738 3443 inter
765 3398 864 3442 unum
895 3381 929 3442 et
953 3377 1103 3462 triginta,
1134 3379 1265 3443 tantum

251 3465 337 3532 inter
372 3468 483 3530 lunam
521 3466 683 3551 solemque
721 3468 880 3552 qnantum
912 3466 998 3530 inter
1030 3464 1199 3531 duodeeim
1232 3469 1266 3531 et

250 3577 360 3621 unum.
401 3577 439 3621 ex
458 3555 510 3620 his
533 3556 671 3641 apparet
687 3554 789 3620 totius
808 3576 974 3621 asumma
993 3555 1028 3619 in
1045 3553 1147 3619 imum
1165 3554 1264 3639 spatii
1277 3554 1317 3620 17

211 3647 372 3710 weertam
401 3666 439 3709 ex
466 3643 574 3710 madia
602 3647 696 3729 parto
724 3642 917 3708 diuisionem
939 3642 1019 3708 solia
1041 3644 1176 3726 regione
1198 3663 1265 3709 non

250 3734 328 3799 fieri.
370 3732 425 3799 sed
444 3734 521 3818 quia
539 3733 593 3797 hio
611 3731 650 3797 de
668 3753 803 3797 numero
823 3731 1025 3818 loquebatur,
1042 3731 1077 3794 in
1094 3753 1159 3816 qno
1178 3752 1265 3814 uere,

250 3821 306 3905 qui
333 3824 467 3906 quartus
495 3824 529 3886 et
551 3819 675 3885 medina
699 3823 762 3903 est,
788 3818 860 3885 ideo
885 3819 1111 3904 pronuntiauit
1133 3818 1262 3904 quidem

250 3909 391 3975 medinm
415 3908 471 3975 sed
494 3912 628 3994 propter
650 3909 807 3974 latentem
829 3907 1009 3993 spatiorum
1028 3907 1263 3973 dimensionem

249 3999 399 4082 uerbum,
432 4021 495 4083 quo
527 3999 613 4063 hane
645 3997 865 4063 definitionem
895 3999 1104 4080 temperaret,
1136 3996 1262 4063 adieeit

210 4104 238 4148 es
250 4085 438 4169 notandum,
460 4085 546 4171 quod
571 4108 641 4152 esee
660 4086 789 4150 stellam
809 4083 940 4150 Saturni
960 4088 993 4150 et
1010 4084 1144 4151 alteram
1163 4083 1262 4167 Iouis,
1273 4084 1315 4151 18

251 4173 365 4238 Martis
402 4175 500 4238 aliam
538 4195 604 4238 non
639 4177 776 4238 naturae
807 4173 997 4238 constitutio
1031 4171 1087 4236 sed
1118 4170 1262 4237 humana

251 4261 417 4346 persuasio
450 4265 514 4341 eat,
545 4282 629 4346 quae
662 4260 791 4325 stellis
823 4281 1002 4325 numeros
1035 4261 1074 4323 et
1106 4259 1262 4324 nomina

302 4373 445 4417 Hieromus
1013 4365 1047 4415 86
