3322 5190
627 924 706 981 VIIII
724 929 813 982 1-10
839 925 953 982 ΧΗ
1232 924 1296 992 617

284 1086 430 1166 diffundi,
454 1087 482 1153 si
506 1086 635 1172 quidem
655 1087 793 1172 Gangen
811 1090 982 1154 transnare
1000 1087 1054 1154 uel
1071 1086 1298 1153 transcendere
1321 1139 1324 1143 <

284 1175 462 1243 Caucasum
488 1175 630 1243 Romani
663 1176 805 1243 nominis
833 1176 922 1243 lama
949 1198 1016 1243 non
1047 1175 1166 1261 ualuit,
1198 1197 1298 1262 spem,

283 1287 379 1350 quam
403 1264 442 1330 de
465 1265 677 1352 propaganda
698 1267 765 1332 late
788 1265 894 1352 gloria
911 1267 986 1331 ante
1010 1265 1121 1331 oculos
1149 1264 1297 1351 ponendo

283 1353 388 1421 nostri
411 1354 498 1420 orbis
522 1356 691 1441 angustias
710 1355 896 1441 amputauit
922 1355 995 1421 uult
1017 1357 1052 1420 et
1070 1354 1297 1421 diuturnitatis

258 1445 425 1529 seuleus,
452 1447 490 1510 ut
512 1444 605 1530 plene
634 1445 744 1511 auimo
771 1445 900 1531 nepotis
924 1446 1146 1529 contemptum
1171 1443 1296 1530 gloriae

284 1556 416 1621 compos
449 1534 614 1602 dissuasor
646 1535 798 1602 insinuet
849 1537 883 1600 et
909 1535 957 1601 ait
984 1556 1044 1600 neo
1072 1533 1105 1600 in
1133 1533 1195 1599 hac
1223 1533 1328 1621 ipsa4
1384 1562 1386 1567 ·

283 1627 385 1709 parte,
407 1624 441 1689 in
465 1646 562 1709 quam
584 1625 742 1709 sapientis
766 1629 799 1690 et
821 1623 916 1690 fortis
939 1623 1002 1689 uiri
1024 1644 1142 1689 nomen
1167 1643 1295 1709 serpere

283 1715 402 1799 potest,
424 1713 649 1779 aeternitatem
673 1713 815 1780 nominis
837 1734 934 1798 posse
953 1712 1078 1796 durare,
1101 1734 1174 1778 cum
1198 1712 1296 1778 modo

285 1803 452 1869 exustione
475 1802 571 1869 modo
591 1802 743 1869 eluuione
766 1807 925 1868 terrarum
950 1801 1164 1868 diuturnitate
1188 1822 1296 1867 rerum

245 1909 271 1950 ro
284 1890 463 1957 intercedat
494 1913 637 1957 occasus.
687 1890 772 1978 quod
805 1890 901 1976 quale
933 1893 977 1956 sit
1008 1890 1211 1956 disseremus.
1261 1889 1328 1958 in5

284 1978 345 2044 hac
363 1979 449 2044 enim
472 1983 566 2064 parte
589 1981 752 2046 tractatus
775 1981 835 2045 illa
859 1979 1008 2062 quaestio
1027 1980 1167 2043 latenter
1189 1978 1297 2044 absol·

284 2067 380 2143 uitur,
399 2088 481 2150 quae
495 2069 672 2133 multorum
686 2067 902 2150 cogitationes
921 2066 960 2129 de
975 2063 1172 2149 ambigenda
1185 2067 1297 2130 mundi

285 2154 477 2216 aeternitate
491 2153 656 2218 sollicitat.
693 2176 769 2217 nam
789 2154 862 2236 quis
881 2153 976 2216 focile
996 2151 1150 2215 mundum
1169 2154 1329 2236 semperd

284 2240 385 2303 fuisse
409 2241 606 2322 consentiat,
633 2262 706 2304 cunr
730 2243 763 2303 et
785 2240 858 2323 ipsa
880 2239 1091 2304 historiarum
1113 2237 1193 2302 fides
1216 2237 1298 2303 mul·

246 2342 271 2384 rs
286 2329 394 2390 tarum
432 2347 540 2391 rerum
581 2328 704 2392 cultum
741 2325 1064 2410 emendationemque
1100 2323 1152 2389 uel
1192 2325 1297 2409 ipsam

285 2414 504 2480 inuentionem
536 2418 698 2480 recentem
734 2436 804 2480 esse
846 2413 1001 2498 fateatur,
1035 2434 1170 2499 cumque
1202 2412 1297 2479 rudes

285 2503 426 2588 primum
452 2503 602 2570 homines
630 2509 664 2571 et
690 2504 815 2570 incuria
846 2503 989 2569 siluestri
1016 2524 1081 2569 non
1110 2501 1250 2567 multum
1278 2524 1299 2568 a

286 2592 427 2659 terarum
450 2593 626 2678 asperitate
649 2592 824 2658 dissimiles
851 2592 1035 2658 meminerit
1058 2592 1110 2657 uel
1134 2590 1298 2656 fabuletur

287 2681 473 2767 antiquitas,
496 2681 680 2768 tradatque,
702 2704 762 2748 neo
786 2682 871 2748 hunc
895 2682 952 2765 eis,
974 2704 1038 2767 quo
1058 2704 1143 2747 nuno
1166 2680 1298 2759 utimur,

244 2788 272 2830 so
285 2771 409 2837 uictum
440 2771 541 2837 luisse
576 2771 633 2838 sed
665 2770 782 2858 glande
811 2772 902 2857 prius
931 2774 965 2836 et
998 2771 1087 2836 bacis
1115 2771 1297 2836 altessera

284 2881 429 2945 sperasse
457 2859 496 2926 de
528 2860 627 2927 sulcis
655 2860 861 2947 alimoniam,
891 2882 1027 2946 cumque
1055 2860 1103 2926 ita
1130 2858 1298 2925 exordium

284 2970 391 3014 rernm
416 2953 449 3015 et
472 2949 576 3035 ipsius
594 2949 754 3016 humanae
772 2950 915 3016 nationis
935 2951 1115 3036 opinemur,
1137 2951 1176 3014 ut
1199 2969 1299 3014 aurea

283 3038 423 3123 primum
446 3038 577 3105 saccula
603 3039 703 3105 fuisso
730 3039 917 3125 credamus,
947 3038 1076 3104 atinde
1099 3042 1217 3104 natura
1239 3059 1298 3122 per

284 3128 419 3194 metalla
455 3128 575 3196 uiliora
610 3129 809 3215 degenerans
840 3129 926 3196 ferro
968 3127 1098 3195 saecula
1134 3129 1299 3213 postrema

244 3233 271 3277 rs
284 3215 486 3284 foedauerit?
523 3240 560 3285 ac
578 3241 620 3285 ne
637 3222 744 3286 totum
762 3219 930 3285 uideamur
949 3218 988 3284 de
1007 3218 1128 3285 fabulis
1146 3215 1327 3299 mutuari?

285 3306 358 3390 quis
380 3329 448 3373 non
470 3307 547 3372 hino
571 3309 731 3394 aestimet,
755 3307 911 3374 mundum
935 3308 1126 3393 quandoque
1145 3305 1300 3391 coepisse,

285 3397 318 3459 et
344 3416 403 3460 nec
426 3396 559 3480 longam
582 3401 668 3462 retro
697 3397 765 3462 eius
790 3400 940 3475 aetatem,
962 3418 1035 3462 oum
1067 3395 1185 3460 abhinc
1212 3395 1300 3459 ultra

286 3481 348 3548 duo
368 3486 456 3548 retro
475 3505 633 3550 annorum
649 3485 740 3551 milia
758 3484 797 3551 de
816 3485 987 3550 excellenti
1005 3506 1113 3550 rerum
1132 3486 1299 3569 gestarum

287 3573 504 3638 memoriane
523 3572 647 3638 Graeca
667 3573 797 3660 quidem
817 3577 905 3640 extet
923 3573 1084 3640 historia?
1107 3595 1183 3637 nam
1201 3592 1301 3655 supra

246 3659 419 3745 roNinum,
442 3683 462 3726 a
484 3684 548 3746 quo
572 3662 759 3728 Semiramis
783 3662 960 3728 secundum
978 3661 1137 3748 quosdam
1160 3660 1301 3726 creditur

359 3816 510 3873 ldrllsndr
528 3813 568 3872 P'
621 3834 742 3890 gangem
760 3819 793 3874 m'
809 3819 895 3887 fallor
908 3818 945 3872 P'
1000 3816 1257 3874 transcensoendsre
1271 3814 1300 3870 B

285 3947 301 3994 1
322 3939 464 3995 cenidum
482 3939 518 3995 Β
538 3945 562 3995 ct
580 3942 715 4009 sciscitor
733 3938 770 3997 P'
796 3919 799 3926 ¹
826 3947 843 3996 4
861 3893 1037 4010 noluisses
1048 3941 1083 4008 P,
1102 3936 1299 3994 diuturnitati*

285 4012 357 4081 (suit
376 4011 401 4079 i)
420 4010 448 4064 B
520 4013 689 4066 toontentr'r
710 4012 739 4067 P
809 4018 878 4068 tac
898 4012 936 4068 P‘
1013 4011 1226 4067 tdrnturnrtatr
1243 4007 1298 4062 PB

287 4087 320 4136 11
338 4081 416 4136 mndr
437 4079 475 4135 P'
563 4087 595 4136 18
615 4082 701 4137 mnds'r
719 4081 757 4137 P‘
846 4089 878 4138 17
897 4082 1021 4138 incurras
1035 4078 1072 4136 P'
1158 4085 1193 4135 10
1211 4078 1252 4134 let
1269 4078 1299 4132 B

286 4157 321 4206 14
339 4152 479 4222 degerans
492 4148 528 4206 R
619 4157 653 4206 25
672 4152 811 4210 ledauerrt
828 4154 861 4222 P,
880 4155 1021 4228 fedauerrt
1037 4153 1066 4206 B
1152 4151 1255 4205 rnntm
1272 4147 1301 4203 P

286 4223 442 4348 ²⁶,⁰il)¹ff⁰
460 4224 519 4351 {313
566 4230 600 4279 19
619 4240 670 4280 nec
689 4225 717 4279 P
785 4231 1032 4296 80n1nrpractcr
1049 4223 1253 4279 miseraute
1272 4220 1301 4275 P

334 4311 461 4351 amuamr
