3322 5190
726 799 751 853 11
770 805 841 854 9-6
1252 799 1319 864 225

311 958 433 1023 initium
462 958 504 1024 ab
531 957 715 1045 sephonasi.
761 958 876 1024 deiude
904 958 1057 1024 secuntur
1081 958 1196 1024 breues
1221 980 1316 1045 quae-

313 1045 486 1111 stiuneulae

508 1152 586 1197 rrum
610 1130 715 1218 Sigeis
738 1133 929 1199 seeumbers
953 1133 1085 1218 eampis,

351 1241 428 1373 ιῶιιιιι
451 1220 540 1323 eapti
563 1224 698 1374 gotuere
722 1221 820 1307 eapi?
843 1243 920 1286 num
944 1220 1078 1287 incensa
1101 1221 1260 1286 ersmauit

294 1332 305 1374 ι
380 1330 449 1374 rora
471 1330 561 1374 ursos

315 1430 419 1499 deiude
441 1433 588 1518 sequitur
610 1431 789 1518 hyperbole

354 1645 361 1660 υ
509 1556 633 1659 mediae
656 1557 741 1623 aeies
765 1555 952 1641 mediosque
975 1579 1034 1642 per
1057 1556 1151 1642 ignes

352 1665 502 1710 muenere
524 1666 622 1710 uram.

316 1765 421 1833 deinde
443 1766 549 1832 ironia

285 1914 305 1954 ιι
512 1893 547 1956 at
569 1890 664 1956 eredo
688 1911 761 1957 mea
783 1890 920 1955 numina
943 1889 1073 1955 tandem

352 1979 437 2045 fessa
459 1979 576 2063 iacent,
599 1978 682 2044 ediis
707 1984 766 2045 aut
788 1980 976 2045 exsaturata
1000 1978 1116 2063 quieui.

315 2100 421 2168 deinde
445 2125 543 2168 ausus
567 2124 643 2169 suos
667 2102 849 2168 inefficaces
873 2101 1019 2187 queritur
1328 2107 1350 2173 5

509 2246 567 2308 per
589 2224 693 2289 undas

353 2333 432 2379 ausa
454 2312 544 2397 sequi
568 2315 602 2377 et
623 2311 770 2398 profugis
794 2315 866 2377 tote
889 2332 940 2375 me
963 2332 1126 2397 oppenere
1149 2315 1259 2397 ponto.

285 2438 447 2504 saecunda
470 2438 547 2523 pest
568 2435 648 2501 haee
671 2436 847 2522 hyperbole

353 2564 543 2648 absumptae
567 2562 600 2628 in
624 2561 764 2627 'seueros
788 2563 874 2628 uires
897 2562 1041 2646 caelique
1064 2562 1237 2647 marisque.

315 2686 382 2753 inde
406 2688 572 2772 dispersae
596 2687 745 2772 querelae

353 2810 429 2962 quic}
451 2809 563 2962 'sttrm
587 2813 645 2875 aut
668 2809 776 2892 Scylla
799 2809 893 2894 mihi,
916 2808 991 2893 quid
1016 2812 1110 2873 uasta
1135 2808 1318 2893 Charybdis

352 2920 412 2983 pro
427 2921 459 2963 m

281 3018 455 3107 uiungitur
491 3019 606 3086 deinde
644 3023 869 3106 argumentum
903 3042 923 3085 a
955 3022 1092 3105 minore,
1128 3023 1165 3085 ut
1200 3020 1348 3117 pathosss

313 3112 466 3195 augeatur
513 3195 602 3259 Mars
626 3194 759 3277 perdere
783 3202 913 3279 gentem

351 3284 514 3347 inmanem
538 3281 713 3365 Lapithum
736 3283 849 3365 ualuit,

311 3406 415 3472 minor
438 3404 563 3471 scilieet
584 3424 732 3489 persona,
758 3403 831 3470 ideo
854 3405 935 3469 illud
959 3406 1106 3490 sequitur

279 3550 301 3593 ιι
353 3531 406 3594 est
427 3548 488 3613 ago
511 3548 632 3613 magna
653 3526 742 3592 Iouis
766 3527 914 3594 coniunx.

310 3636 423 3801 gemela·
446 3672 518 3800 etam
542 3672 656 3716 eauaas
681 3672 809 3735 quoque
831 3650 1032 3735 contulisset,
1056 3652 1178 3735 quanto
1197 3651 1321 3737 impetu

331 3759 370 3802 ea
414 3759 457 3801 ιιι

380 4000 566 4069 trequentes
585 4000 613 4054 P
669 3998 801 4072 embola
819 3999 847 4053 P
905 4002 938 4053 10
957 4000 1008 4053 aut
1025 3998 1053 4052 P
1107 4003 1140 4053 15
1159 3997 1274 4070 haubels
1296 3997 1324 4051 P

311 4075 343 4156 tt
359 4070 443 4196 {utet
456 4071 485 4125 P
560 4069 637 4125 serlla
656 4071 685 4124 P
758 4068 882 4125 eanbdrf
897 4070 925 4124 P
994 4074 1027 4124 2³
1047 4085 1197 4125 emmenum
1217 4070 1249 4124 ιἰι
1266 4083 1321 4125 rae.

309 4157 341 4197 Μ
362 4239 505 4281 meream
976 4212 1017 4277 ·‘.⁴
1076 4234 1109 4281 15
