3442 5190
686 745 776 800 Xlllll
795 751 899 799 le-ee
1252 745 1314 810 127

303 905 349 970 rai
386 904 476 971 obitu
508 904 641 971 Traiani
678 905 829 990 apparuit
860 906 988 971 ossibus
1021 905 1160 971 Romam
1195 905 1314 972 relat-is.

303 1014 375 1060 num
399 992 591 1081 fragmentis
615 993 738 1079 species
763 993 988 1080 reliquiarum,
1015 994 1093 1059 uitis
1121 997 1314 1080 argumento

304 1103 395 1148 casus
423 1081 526 1149 futuri
553 1086 682 1166 tempus
711 1087 877 1148 ostensum
905 1085 962 1148 est
1009 1084 1042 1147 et
1065 1104 1107 1147 ne
1131 1103 1235 1148 sermo
1259 1104 1316 1166 per
1330 1084 1369 1147 l'l

305 1170 507 1255 singulorum
520 1171 654 1237 nomina
668 1170 802 1237 deorum
817 1173 963 1255 uagetur,
976 1171 1086 1256 accipe
1101 1169 1179 1255 quid
1189 1168 1317 1255 Assyrii

282 1258 342 1322 cde
359 1259 507 1344 potentia
525 1260 604 1325 solis
624 1259 807 1345 opinentur.
844 1260 904 1325 deo
923 1259 1019 1344 enim,
1038 1281 1133 1344 quem
1154 1281 1315 1325 summum

305 1347 542 1434 maximumque
560 1353 764 1431 uenerantur,
786 1347 884 1413 Adad
907 1370 1025 1414 nomen
1045 1347 1210 1413 dederunt.
1247 1347 1316 1413 eius

304 1435 443 1502 nominis
476 1436 701 1524 interpretatio
733 1437 897 1524 significat
933 1459 1030 1503 unus
1067 1459 1171 1502 rmus.
1230 1436 1315 1502 hunc
1328 1438 1368 1503 18

305 1546 379 1612 ergo
403 1534 440 1590 ut
462 1526 723 1609 potentissimum
747 1526 885 1592 adorant
907 1526 1017 1611 deum,
1040 1525 1096 1592 sed
1115 1525 1318 1612 subiungunt

306 1614 403 1680 eidem
427 1613 521 1681 (leam
544 1615 675 1681 nomine
699 1613 929 1702 Adargatin,
957 1637 1150 1701 omnemque
1173 1618 1317 1699 potesta·

257 1706 367 1770 ratem
391 1707 581 1771 cunctarum
609 1727 716 1771 rarum
744 1705 797 1770 his
824 1704 950 1771 duobus
980 1704 1186 1789 adtribuunt,
1215 1705 1317 1769 solem

306 1798 484 1880 terramque
520 1794 766 1882 intellegentes,
806 1817 866 1860 nec
903 1794 1111 1860 multitudine
1147 1794 1316 1860 nominum

306 1884 509 1950 enuntiantes
527 1883 666 1950 diuisam
689 1905 799 1949 eornm
824 1906 882 1969 per
900 1905 1014 1950 omnes
1034 1883 1157 1969 species
1175 1884 1317 1969 poteste-

306 1975 384 2058 tem,
420 1972 476 2039 sed
514 1974 715 2061 argumentis
752 1973 870 2059 quibus
906 1976 1064 2039 ornantur
1095 1972 1316 2058 significantes

306 2061 515 2146 multiplicem
529 2062 765 2147 praestantiam
780 2061 919 2145 duplicis
933 2062 1085 2127 numinis.
1120 2063 1192 2145 ipsa
1206 2063 1314 2124 antem
1329 2062 1370 2126 19

248 2152 495 2236 taargumenta
523 2150 602 2215 solis
631 2149 789 2215 rationem
816 2150 978 2216 locuntur.
1022 2170 1160 2235 namque
1184 2148 1316 2213 simula·

305 2259 390 2302 crum
418 2235 513 2304 Adad
541 2238 668 2324 insigne
696 2238 837 2302 cernitur
864 2237 964 2302 radiis
992 2237 1169 2321 inclinatis,
1199 2236 1316 2324 quibus

306 2329 505 2392 monstratur
531 2326 599 2391 uim
627 2326 708 2391 caeli
731 2327 764 2390 iu
789 2324 887 2390 radiis
911 2348 982 2392 esse
1005 2325 1097 2411 solis,
1124 2326 1179 2411 qui
1203 2325 1316 2391 demit

305 2417 416 2481 tantur
446 2415 482 2480 in
518 2417 648 2481 terram.
702 2413 910 2498 Adargatidis
948 2415 1156 2480 simulacrum
1188 2436 1316 2480 sursum

305 2524 431 2569 uersum
451 2504 617 2570 reclinatis
635 2501 734 2569 radiis
754 2503 883 2588 insigne
902 2509 953 2569 est
971 2503 1191 2586 monstrando,
1208 2501 1316 2569 radio·

247 2607 374 2657 tarum
407 2593 440 2657 ui
472 2615 609 2678 superne
643 2591 815 2658 missorum
848 2593 956 2658 enasci
988 2613 1196 2677 quaecunque
1227 2597 1316 2657 terra

304 2685 504 2767 progenerat
539 2682 599 2747 sub
617 2679 729 2746 eodem
749 2681 921 2746 simulacro
940 2681 1063 2766 species
1081 2681 1211 2746 leonum
1232 2681 1369 2764 sunt,20

304 2768 415 2834 eadem
437 2769 564 2834 ratione
587 2772 707 2834 terram
731 2791 802 2835 esse
826 2771 1057 2852 monstrantes,
1083 2791 1147 2853 qua
1170 2767 1316 2853 Phryges

305 2856 423 2921 finxere
446 2855 584 2922 Matrem
611 2856 731 2939 Deum,
758 2857 790 2922 id
818 2861 869 2922 est
896 2861 1029 2941 terram,
1056 2856 1203 2921 leonibus
1232 2855 1315 2921 uehi.

304 2947 467 3029 postremo
490 2945 671 3030 potentiam
690 2945 768 3011 solis
788 2944 827 3010 ad
847 2946 992 3011 omnium
1011 2948 1210 3030 potestatum
1231 2966 1315 3010 sum·
1327 2945 1367 3010 21

253 3032 450 3098 almitatem
479 3034 592 3100 referri
620 3033 765 3099 indicant
793 3033 953 3121 theologi,
981 3035 1036 3120 qui
1064 3035 1098 3100 in
1126 3033 1227 3099 saeris
1255 3031 1317 3098 hoc

304 3120 496 3187 breuissima
537 3123 722 3208 precatione
763 3122 1005 3207 demonstrant,
1047 3123 1188 3188 dicentes
1219 3120 1315 3187 Ἥλιε

303 3207 540 3295 κακτοκρότοο,
559 3215 685 3295 κόσμου
704 3220 845 3295 πνεῦμα,
868 3215 995 3295 κόσμου
1014 3213 1166 3296 δύναμις,
1189 3214 1316 3294 κόσμου

304 3300 535 3456 ffiibupolem
572 3323 643 3366 esse
680 3300 791 3365 omnia
827 3304 859 3366 et
896 3301 1045 3388 Orpheus
1082 3303 1223 3367 testatur
1264 3299 1314 3364 his
1325 3303 1369 3366 22

304 3524 387 3535 ου...-
390 3527 515 3535 „ann-...-

373 3615 408 3665 18
426 3609 527 3681 iragm.
548 3610 591 3664 ed.
611 3608 753 3665 Hermann
771 3628 798 3679 p.
818 3615 871 3666 464

304 3728 514 3738 --ι-..ο--ι

373 3811 516 3884 lralatri]
534 3811 630 3867 retem
651 3814 680 3867 Ρ
742 3814 861 3869 turoni
878 3814 906 3868 P
962 3813 1093 3868 tintunl
1118 3815 1144 3868 P
1205 3819 1222 3868 4
1260 3814 1316 3869 uod

303 3889 333 3939 st
350 3883 407 3939 uid.
428 3883 458 3936 P
518 3882 604 3953 aliurn
625 3883 653 3937 P
708 3885 904 3952 apocenums
924 3881 960 3938 Ρ
1025 3889 1057 3938 13
1076 3832 1266 3940 lacnircanlii
1281 3881 1316 3937 B'

304 3958 336 4008 lt
354 3953 477 4022 inquunt
496 3953 524 4007 P
613 3958 646 4009 18
670 3954 821 4024 adargadil
835 3957 868 4025 P,
891 3955 1038 4024 adargrdrl
1052 3956 1079 4008 B
1168 3961 1203 4009 20
1226 3953 1264 4008 scr
1286 3955 1319 4006 ia

303 4042 390 4096 enaim
410 4043 510 4097 inrue.
530 4043 562 4096 io
580 4041 610 4096 P
655 4058 848 4113 quaecumque
866 4044 893 4098 B
945 4050 979 4097 22
999 4025 1090 4113 phgel
1109 4045 1138 4111 (p
1157 4042 1189 4095 ia
1206 4044 1275 4108 raa.)
1292 4040 1320 4092 P

303 4117 336 4166 2³
351 4111 457 4183 iungere
477 4109 512 4166 P'
569 4117 603 4166 27
622 4114 769 4167 ΠΝΕΥΜΕ
789 4115 817 4168 Ρ
868 4120 901 4170 28
921 4113 1063 4184 horpheui
1077 4114 1105 4167 B
