3442 5190
801 796 826 848 Il
844 802 929 851 t-ll
1306 796 1372 861 365

359 955 501 1022 Lucretii
524 955 571 1021 sio
594 955 712 1041 incipit

406 1061 485 1127 haec
508 1062 592 1128 ratio
617 1062 780 1147 quondam
804 1063 991 1130 morborum
1015 1065 1047 1128 et
1070 1063 1218 1129 mortifer
1241 1067 1351 1130 aestus

407 1150 526 1216 finibus
549 1152 584 1215 in
608 1149 761 1237 Cecropis
785 1152 930 1217 funestos
954 1151 1094 1217 reddidit
1113 1173 1211 1236 agros

405 1240 612 1325 uastauitque
635 1241 716 1323 uias,
740 1240 889 1306 exhausit
912 1240 1036 1306 ciuibus
1061 1240 1182 1305 urbem.

335 1390 347 1429 e
362 1362 416 1427 scd
432 1366 590 1447 quatenus
604 1367 708 1429 totum
724 1365 829 1429 locum
842 1365 1007 1449 utriusque
1018 1385 1137 1448 ponere
1147 1363 1226 1429 satis
1237 1363 1402 1452 longumb

361 1455 423 1535 est,
455 1475 623 1537 excerpam
656 1453 766 1537 aliqua
798 1475 836 1518 ex
869 1453 986 1539 quibus
1017 1452 1195 1518 similitudo
1223 1457 1371 1538 geminae

363 1540 590 1626 descriptionis
615 1544 777 1626 appareat.

362 1662 527 1749 Vergilius
551 1665 598 1730 ait

407 1771 476 1833 tum
500 1792 577 1836 uero
602 1771 751 1836 ardentes
775 1772 858 1836 oculi
882 1773 978 1856 atque
1002 1769 1167 1835 adtractus
1191 1771 1232 1836 ab
1256 1768 1323 1834 alto

326 1886 352 1925 ro
410 1857 554 1941 spiritus,
577 1859 738 1924 interdum
763 1858 885 1944 gemitu
909 1858 1028 1944 grauis,
1052 1858 1180 1942 imaque
1202 1858 1301 1944 longo

409 1946 469 2011 ilia
491 1947 639 2033 singultu
661 1948 808 2031 tendunt,
830 1947 858 2012 it
880 1947 1012 2012 naribus
1037 1950 1108 2012 ater

408 2035 542 2120 sanguis
567 2038 600 2100 et
622 2058 796 2120 oppressas
820 2036 930 2102 fauces
953 2036 1073 2120 premit
1095 2057 1211 2120 aspera
1229 2035 1351 2121 lingua.

362 2159 531 2224 Lucretius
555 2159 603 2222 ait
1384 2162 1405 2226 9

407 2263 568 2349 principio
592 2268 690 2348 caput
713 2264 879 2328 incensum
902 2263 1028 2328 feruore
1051 2262 1217 2349 gerebant,

327 2380 352 2419 ra
409 2354 443 2416 et
465 2351 609 2436 duplices
634 2353 744 2417 oculos
768 2352 890 2416 suffusa
912 2352 982 2416 luce
1005 2353 1158 2416 rubentes

410 2439 573 2505 sudabant
595 2440 695 2506 etiam
718 2441 829 2506 fauces
852 2440 1046 2505 intrinsecus
1070 2443 1159 2505 artae

412 2529 569 2613 sanguine
593 2531 626 2592 et
649 2530 808 2594 ulceribus
833 2529 922 2595 uocis
947 2529 1000 2593 uia
1023 2532 1135 2614 saepta
1158 2529 1268 2594 coibat

411 2621 508 2702 atque
533 2616 633 2682 animi
657 2619 816 2700 interpres
840 2617 995 2682 manabat-
1017 2617 1130 2700 lingua
1152 2639 1274 2699 cruore,

412 2705 583 2770 debilitata
606 2707 709 2789 malis,
733 2709 823 2770 motu
848 2706 968 2790 grauis,
992 2727 1107 2788 aspera
1129 2708 1227 2770 tactu.

326 2825 530 2912 soVergilius
553 2828 600 2892 ait
1390 2829 1431 2893 10

411 2932 491 2999 haec
515 2935 590 2998 aute
614 2932 747 2998 exitium
770 2932 885 3019 primis
910 2933 988 2998 dant
1011 2932 1105 3018 sigua
1128 2931 1249 2998 diebus.

367 3041 401 3105 et
424 3062 506 3126 quae
529 3039 644 3107 darent
667 3041 762 3126 sigua
788 3063 887 3127 supra
909 3040 1023 3107 retulit
1045 3039 1130 3104 idem

581 3147 739 3214 demissae
762 3171 856 3214 eures
880 3149 1021 3214 incertus
1044 3146 1163 3212 ibidem

413 3234 510 3302 sudor
533 3241 566 3301 et
588 3238 643 3302 ille
667 3238 795 3322 quidem
819 3238 995 3303 moriturus
1019 3236 1165 3321 frigidus,
1188 3237 1259 3300 aret

330 3353 355 3392 rs
414 3324 508 3410 pellis
532 3328 566 3389 et
589 3325 721 3391 adtactu
745 3327 900 3391 tractanti
923 3326 1004 3389 dura
1026 3325 1158 3389 resistit.

368 3447 537 3514 Lucretius
560 3449 609 3514 ait
1393 3449 1430 3513 ll

414 3555 581 3641 multaque
604 3560 773 3640 praeterea
795 3556 909 3620 mortis
934 3557 1011 3620 tuuc
1035 3554 1130 3639 signa
1152 3554 1327 3619 dabantur:

414 3643 599 3728 perturbati
623 3643 731 3727 animi,
754 3665 844 3707 mena
867 3643 900 3707 iu
924 3664 1070 3707 maerore
1094 3645 1255 3728 metuque,

416 3732 512 3796 triste
536 3731 754 3815 supercilium,
776 3730 917 3796 furiosus
941 3732 1051 3795 uultus
1076 3734 1109 3793 et
1132 3751 1213 3813 acer,

371 3847 584 3858 m

443 3912 603 3969 evlnas
662 3915 797 3983 eaeorg.
817 3909 855 3966 111
874 3916 926 3966 soa
987 3910 1166 3966 14v11ua
1227 3908 1379 3981 aiueorg.

372 3984 412 4040 111
430 3989 481 4039 eoa
536 3989 571 4038 aa
590 3983 627 4039 iu.
647 3991 699 4040 soo
753 3990 786 4038 aa
807 3983 845 4038 vi
866 3989 933 4038 naa

372 4087 585 4096 -..ψ-*-

446 4157 476 4206 17
496 4152 573 4223 septa
591 4154 619 4208 P
670 4159 704 4208 28
722 4167 829 4209 merore
849 4151 877 4205 P
