3442 5190
357 807 423 872 21⁸2
745 804 822 861 ΕΔΤ.
841 805 938 862 LIBRI
957 804 994 860 Ill

355 968 538 1035 constituitl
586 967 691 1032 ausim
721 966 840 1050 dicere,
869 970 906 1031 ut
933 967 1045 1032 uilitas
1073 965 1218 1031 edulium
1246 967 1373 1031 animos

355 1056 525 1121 hominum
544 1054 585 1120 ad
608 1055 771 1140 parandas
795 1054 1006 1120 obsoniorum
1030 1054 1142 1138 copias
1166 1053 1317 1118 incitaret
1340 1058 1374 1119 et

357 1144 453 1230 gulae
485 1144 607 1208 seruire
639 1142 752 1228 etiam,
785 1143 840 1229 qui
872 1141 982 1226 paruis
1014 1145 1125 1207 essent
1154 1140 1375 1220 facultalibus,

308 1235 502 1318 12possent
535 1231 639 1297 dicam
658 1232 754 1316 plane
773 1230 860 1317 qnod
878 1231 993 1297 sentio.
1026 1229 1171 1315 adprime
1190 1229 1375 1296 luxuriosus

358 1321 439 1388 mihi
458 1320 587 1387 uidetur
605 1322 638 1386 et
656 1320 822 1407 prodigus,
844 1320 895 1386 cui
914 1319 994 1387 haec
1018 1318 1168 1386 tantuin
1192 1319 1298 1404 epulis
1321 1319 1373 1385 nel
1401 1345 1416 1386 s

358 1411 504 1497 gratuita
541 1413 715 1497 ponantur.
772 1410 884 1496 itaque
916 1413 1011 1476 tanto
1044 1408 1106 1476 hoc
1137 1409 1303 1474 saeculum
1334 1408 1376 1475 ad

358 1522 487 1567 omnem
517 1500 750 1566 continentiam
780 1500 978 1584 promptius,
1009 1503 1048 1563 ut
1075 1498 1232 1584 pleraque
1260 1497 1377 1564 harum

359 1610 482 1674 rerum,
509 1609 592 1673 quse
616 1586 750 1653 Sullane
776 1587 848 1673 lege
877 1592 910 1654 st
937 1588 1038 1674 uulgo
1066 1590 1146 1653 note
1168 1587 1377 1671 comprehen-

360 1678 489 1762 duntur,
511 1699 607 1743 nemo
631 1680 781 1743 nostrum
804 1677 858 1744 uel
880 1676 979 1743 fando
1003 1676 1207 1762 compererit.

309 1769 350 1833 13
449 1764 542 1831 Sulla
572 1770 701 1831 mortuo
733 1765 901 1850 Lepidus
934 1766 1048 1831 consul
1079 1765 1203 1850 legem
1236 1762 1312 1829 tulit
1344 1766 1419 1832 etro

360 1852 432 1936 ipse
454 1852 644 1918 cibariam
670 1888 708 1901 -
734 1852 828 1919 Cato
855 1854 942 1918 enim
970 1853 1190 1937 sumptuarias
1214 1851 1304 1937 leges
1327 1852 1379 1916 ci-

361 1940 493 2006 barias
517 1941 671 2025 appellat.

452 2027 535 2094 Dein
554 2029 665 2112 paucis
683 2028 862 2095 interiectis
881 2029 976 2094 annis
1000 2026 1066 2093 alia
1089 2027 1141 2092 lex
1164 2027 1315 2112 peruenit
1338 2027 1378 2093 ad

362 2118 519 2203 populum
556 2118 680 2183 ferente
717 2117 835 2184 Antio
872 2117 1067 2184 Restione.
1130 2139 1226 2203 quam
1265 2117 1380 2202 legem,

363 2207 514 2290 quamuis
544 2211 631 2273 esset
658 2207 796 2291 optima,
827 2206 1005 2273 obstinatio
1036 2211 1147 2271 tamen
1174 2206 1320 2272 luxuriae
1348 2210 1422 2274 eta

362 2294 518 2360 uitiorum
533 2295 627 2359 firma
645 2295 820 2360 concordis
838 2296 929 2361 nullo
950 2297 1130 2380 abrogante
1148 2294 1275 2359 irritam
1294 2294 1382 2360 fecit.

363 2382 445 2446 illud
478 2386 588 2447 tamen
618 2384 828 2449 memorabile
858 2382 897 2447 de
927 2383 1116 2449 Restione
1145 2383 1250 2447 latore
1279 2382 1382 2466 ipsius

364 2470 448 2554 legis
462 2470 575 2554 fertur,
595 2492 678 2554 eum,
697 2470 804 2554 quoad
819 2470 910 2549 uixit,
929 2471 1009 2535 foris
1023 2473 1138 2554 postea
1156 2491 1223 2535 non
1241 2490 1384 2554 cenasse,

363 2578 405 2623 ne
423 2559 516 2622 testis
540 2558 632 2622 fieret
655 2562 862 2642 contemptae
885 2558 979 2643 legis,
1003 2579 1099 2641 quam
1123 2557 1194 2641 ipse
1216 2556 1304 2621 bono
1327 2579 1384 2641 pu·

365 2644 451 2712 blico
474 2645 673 2731 pertulisset
1395 2673 1422 2713 so

313 2736 355 2800 14
452 2732 514 2798 His
545 2734 672 2819 legibus
696 2733 942 2799 adnumerarem
966 2733 1108 2798 edietum
1133 2732 1172 2798 de
1195 2732 1380 2819 sumptibus

364 2823 406 2888 ab
431 2821 600 2889 Antonio
624 2824 837 2910 propositum,
860 2823 914 2907 qui
938 2828 1053 2908 postea
1076 2821 1227 2887 triumuir
1250 2822 1321 2906 fuit,
1346 2821 1380 2887 ni

364 2911 532 2998 indignum
551 2913 713 2978 crederem
731 2913 817 2977 inter
835 2912 1025 2979 cohibentes
1049 2916 1214 2998 sumptum
1234 2910 1378 2977 Antonio

364 3003 472 3068 locum
501 3003 620 3087 iecere,
651 3002 742 3068 ouius
770 3023 929 3087 expensae
957 3002 991 3066 in
1019 3023 1130 3067 cenam
1159 3002 1274 3066 solitae
1302 3022 1378 3066 con·

365 3089 443 3156 ferri
462 3092 533 3157 sola
551 3091 680 3157 unionis
699 3090 941 3176 aOleopatra
959 3112 1059 3157 uxore
1079 3090 1262 3173 consumpti
1282 3089 1379 3155 aesti-
1395 3117 1421 3156 es

315 3180 511 3247 lbmatione
529 3185 698 3265 superatae
717 3186 801 3245 sunt.
846 3203 922 3245 nam
946 3203 1019 3246 oum
1040 3180 1204 3244 Antonius
1228 3179 1380 3265 quicquid

367 3270 450 3335 mari
469 3274 526 3335 aut
549 3275 636 3334 terra
659 3274 717 3335 aut
739 3269 839 3333 etiam
862 3271 950 3335 caelo
974 3269 1173 3355 gigneretur,
1196 3268 1235 3333 ad
1261 3267 1382 3333 satian-

368 3359 442 3424 dam
471 3360 650 3445 ingluuiem
680 3382 772 3424 suam
802 3365 915 3425 uatum
945 3358 1135 3424 existimaus
1165 3358 1313 3424 faucibus
1345 3380 1383 3422 ac

369 3448 519 3515 dentibus
550 3450 618 3514 suis
645 3450 811 3535 subderet,
842 3470 942 3536 eaque
970 3471 1004 3514 re
1031 3451 1145 3534 captus
1173 3448 1212 3513 de
1235 3447 1383 3514 Romano

368 3539 506 3624 imperio
537 3539 643 3604 facere
675 3540 775 3605 uellet
803 3537 1003 3625 Aegyptium
1032 3559 1181 3623 regnum,
1212 3538 1386 3622 Cleopatra
1400 3566 1427 3603 ao

368 3649 462 3710 uxor,
493 3650 575 3714 quae
605 3629 692 3693 uinci
720 3651 739 3692 e
762 3629 918 3693 Romanis
944 3649 1004 3692 nee
1031 3628 1161 3692 luxuria
1187 3627 1387 3712 dignaretur,

370 3753 583 3761 Ψ*

440 3818 618 3888 epotandos
635 3816 672 3873 P'
746 3821 776 3874 et
794 3835 844 3875 om.
865 3819 893 3873 P
957 3820 1088 3874 desset
1157 3816 1333 3888 tgratmtai
1349 3817 1385 3873 B'

369 3889 505 3944 tlrllsua
523 3892 556 3956 P,
576 3890 684 3957 syllana
703 3890 731 3944 B
782 3896 815 3944 lo
831 3890 894 3943 irlla
908 3890 941 3958 P,
960 3889 1070 3956 iyllaB
1123 3896 1153 3942 11
1171 3888 1339 3944 iumtuanal'
1350 3888 1386 3943 B'

370 3964 404 4014 1³
423 3961 560 4018 *sanari
577 3961 605 4015 P
664 3966 697 4015 18
715 3961 856 4034 racpnel'se
875 3961 902 4015 B
963 3965 996 4014 19
1015 3956 1206 4031 coutemtpR
1261 3964 1295 4013 21
1315 3958 1387 4013 ium-

368 4031 447 4085 uuus
463 4031 498 4087 B'
581 4038 616 4087 28
635 4032 756 4087 sumtum
776 4030 810 4087 Η
892 4032 1062 4086 u4cna1’
1140 4036 1174 4085 25
1194 4030 1330 4085 consumti
1349 4028 1386 4084 B'

369 4107 403 4158 tl
423 4105 475 4159 aot
492 4107 557 4160 oute
575 4106 662 4159 etiam
681 4121 732 4160 oua
751 4098 789 4159 P‘
845 4105 937 4159 terrae
953 4049 989 4158 ζ’
1044 4101 1123 4158 caelo
1141 4118 1193 4158 om.
1207 4102 1235 4156 P
1286 4099 1385 4174 sussen}

369 4174 406 4230 da
427 4175 462 4245 P,
481 4174 638 4232 latrandum
656 4172 692 4230 B'
728 4183 764 4232 28
783 4175 892 4232 iacrbus
907 4174 942 4230 R
993 4181 1028 4229 ³0
1047 4176 1158 4249 pgrptn'r
1177 4174 1205 4230 P
