3322 5190
573 903 653 960 xvn
671 907 775 961 ss-tr
801 902 893 961 XVIII
912 907 982 961 1-o
1220 904 1288 972 555

272 1068 313 1133 ab
336 1067 467 1135 homine
490 1067 619 1153 sentiri,
648 1089 721 1134 cum
751 1089 820 1134 non
838 1066 981 1134 sufficiet
1007 1068 1170 1135 humanae
1197 1067 1287 1136 uitae

272 1156 412 1244 epatium
445 1157 486 1223 ed
515 1158 615 1223 breue
646 1158 764 1223 sellem
795 1160 951 1242 punctum
983 1159 1052 1223 tam
1081 1156 1194 1224 tardae
1234 1179 1286 1225 ac·

272 1247 430 1313 cessionis
448 1245 763 1332 deprehendendum.
796 1246 872 1313 hinc
890 1245 1017 1313 Tullius
1035 1245 1158 1314 nullius
1178 1248 1286 1315 sectae
1297 1247 1339 1314 17

270 1335 390 1402 inscius
422 1337 588 1403 ueteribus
616 1337 818 1422 approbatae
845 1335 942 1401 simul
972 1335 1086 1423 attigit
1112 1339 1285 1423 utramque

243 1425 467 1492 seententism
499 1425 648 1492 dicendo:
680 1424 719 1490 in
752 1446 825 1511 quo
852 1427 943 1490 sunt
969 1425 1086 1492 infixi
1114 1425 1189 1511 illi,
1221 1426 1285 1511 qui

270 1513 497 1601 uoluuntur,
528 1514 732 1581 stellarum
760 1535 894 1581 cursus
932 1515 1176 1600 sempiterni,
1209 1536 1285 1581 nam
1349 1567 1351 1573 .

270 1606 304 1668 et
324 1601 441 1670 infixos
464 1603 546 1670 dixit
569 1605 603 1670 et
625 1624 738 1669 cursus
761 1603 881 1669 hebere
903 1625 970 1669 non
993 1603 1106 1669 tacuit.

356 1742 451 1812 Nunc
469 1747 577 1811 utrum
592 1745 642 1810 illi
657 1747 782 1831 sepiem
796 1743 897 1831 globi,
916 1742 972 1831 qui
985 1743 1122 1812 subiecti
1136 1747 1213 1811 sunt
1223 1742 1338 1812 XVIII

270 1835 444 1922 contrario,
461 1838 499 1900 ut
518 1835 574 1922 ait,
593 1857 690 1921 quam
705 1835 830 1901 caelum
850 1834 990 1901 uertitur
1006 1837 1109 1922 motu,
1127 1833 1282 1920 ferantur,

232 1948 258 1989 ιο
271 1926 471 2012 argumentis
491 1925 531 1991 ad
546 1948 661 1992 uerum
676 1924 866 1992 ducentibus
884 1924 1097 2011 requiramus.
1125 1924 1227 1993 solem
1246 1927 1315 1992 a02

268 2017 379 2081 lunum
400 2019 433 2081 et
451 2016 563 2081 stellas
583 2016 734 2101 quinque,
753 2015 872 2101 quibus
892 2015 933 2080 ab
959 2037 1067 2082 errore
1084 2036 1205 2081 nomen
1225 2017 1284 2099 est,

268 2104 504 2189 praeterquod
534 2127 641 2170 secum
665 2103 768 2170 trehit
795 2105 836 2168 ab
860 2108 934 2169 ortu
961 2103 995 2168 in
1023 2125 1174 2171 occasum
1202 2103 1285 2169 caeli

268 2193 384 2257 diurna
407 2194 590 2274 commuuio,
619 2194 691 2275 ipsa
718 2214 777 2257 suo
801 2193 892 2256 motu
915 2192 950 2256 r‘n
973 2192 1133 2257 orientem
1165 2191 1207 2257 sb
1230 2213 1285 2257 oc·

268 2280 393 2344 uidente
424 2280 596 2364 procedere
633 2301 697 2344 non
733 2278 812 2345 solis
844 2278 1012 2345 literarum
1044 2279 1192 2363 profanis
1225 2277 1283 2344 sed

228 2387 253 2428 u
268 2368 378 2432 multis
406 2390 534 2452 quoqne
563 2367 711 2432 doctrine
738 2365 878 2432 initiatis
906 2366 1082 2432 abhorrere
1109 2390 1130 2431 a
1159 2366 1221 2431 fide
1244 2388 1283 2432 sc

268 2458 414 2521 monstro
443 2457 548 2521 simile
575 2456 750 2521 iudicatum
775 2459 838 2535 est,
866 2454 922 2520 sed
951 2455 1037 2541 apud
1064 2454 1208 2538 pressius
1235 2454 1283 2519 ia-

268 2547 396 2608 tuentea
419 2543 467 2608 ita
485 2566 597 2609 uerum
617 2565 688 2608 esse
706 2542 879 2627 constabIt,
901 2546 939 2608 ut
961 2564 1029 2609 non
1047 2543 1152 2608 solum
1171 2545 1281 2609 mente

269 2631 395 2717 concipi
419 2631 474 2695 sed
498 2631 600 2697 oculis
620 2652 747 2715 quoqne
765 2631 845 2714 ipsis
869 2629 976 2715 possib
993 2630 1136 2714 probari.
1171 2631 1312 2696 tamen-⁹2

268 2721 304 2784 ut
322 2719 416 2784 nobis
435 2719 474 2784 de
492 2719 554 2785 boc
572 2719 617 2783 sil
636 2741 707 2785 cum
722 2718 935 2803 pertiuacIter
952 2721 1093 2802 negante
1112 2719 1281 2801 tractatus,

228 2829 255 2868 so
269 2827 329 2891 ege
354 2808 499 2892 quisquis
518 2807 580 2871 tibi
604 2807 665 2872 boo
683 2809 807 2891 liquere
826 2804 1021 2890 dissimulas,
1044 2805 1140 2871 simul
1160 2807 1269 2872 omnia

267 2915 349 2978 qnae
376 2895 429 2959 uel
457 2895 622 2960 contentio
654 2895 714 2959 tibi
746 2894 843 2979 fingit
873 2895 1060 2960 detractans
1088 2894 1199 2978 fidem,
1227 2916 1266 2959 ue

266 3005 349 3067 quae
372 2984 445 3068 ipsa
467 2985 588 3049 ueritas
608 2984 764 3069 suggerit,
786 2984 820 3049 in
844 2981 1012 3049 diuisionis
1036 2981 1182 3049 membra
1206 2983 1278 3049 mit-

266 3077 382 3138 temus.
428 3072 488 3140 Iros
516 3072 669 3140 erraticas
693 3095 765 3140 cum
794 3072 968 3139 lurniuibus
992 3070 1118 3139 duobus
1146 3075 1204 3139 aut
1231 3071 1311 3140 ius

265 3164 346 3227 fixas
374 3163 465 3230 caelo
488 3167 526 3230 ut
552 3163 618 3230 elia
641 3163 746 3230 sidera
773 3163 898 3230 nullum
926 3162 977 3230 sui
1004 3165 1128 3229 motum
1156 3162 1278 3230 nostris

225 3272 252 3314 ss
266 3253 366 3318 oculis
381 3252 532 3339 indicare,
551 3253 606 3319 sed
625 3254 703 3319 ferri
718 3252 900 3320 mundenee
914 3252 1138 3320 conuersionis
1155 3251 1279 3340 impetu

267 3347 324 3408 eut
346 3344 470 3408 moneri
495 3365 553 3409 sua
576 3366 704 3430 quoque
728 3343 911 3410 accessione
935 3341 1088 3430 dicemus,
1109 3364 1223 3410 rursus
1250 3344 1280 3409 si

266 3437 439 3497 mouentur
458 3436 515 3498 ant
538 3432 619 3498 caeli
642 3434 730 3499 niam
750 3437 902 3500 secuntur
925 3432 966 3498 sb
985 3435 1059 3499 ortu
1077 3432 1112 3498 in
1130 3454 1279 3499 occasum

266 3524 299 3587 et
321 3523 486 3588 communi
514 3525 547 3586 et
574 3543 634 3588 suo
658 3526 749 3589 motu
772 3525 930 3606 meantes,
959 3525 1018 3587 aut
1044 3521 1209 3589 contrario
1232 3544 1279 3588 re·

266 3632 358 3677 cesso
373 3611 405 3675 in
421 3611 580 3677 orientem
595 3613 636 3676 ab
651 3611 827 3678 occidentis
841 3616 935 3698 parte
946 3613 1126 3678 uersentur.
1148 3613 1279 3698 praeter

223 3720 252 3760 eo
265 3700 355 3780 haec,
378 3704 415 3764 nt
438 3701 561 3784 opinor,
583 3700 666 3765 nihil
689 3703 800 3785 potest
822 3700 874 3764 nel
898 3721 968 3765 esse
990 3700 1043 3765 uel
1066 3699 1156 3786 fingi.
1192 3721 1280 3766 nunc

265 3786 447 3866 uideamus,
471 3787 547 3872 quid
572 3810 611 3852 ex
634 3788 686 3853 his
714 3790 836 3873 poterit
857 3807 969 3853 uerum
992 3788 1132 3872 probari.
1178 3788 1207 3853 si
1229 3785 1310 3854 int

265 3875 347 3940 fixae
371 3878 489 3959 essent,
511 3897 688 3959 numquam
712 3876 754 3941 ab
776 3874 887 3941 eedem
908 3875 1049 3941 statione
1067 3874 1278 3962 discederent,

266 3962 320 4028 sed
344 3963 377 4028 in
401 3964 503 4029 isdem
527 3964 608 4030 locis
636 3985 764 4049 semper
790 3966 828 4029 ut
856 3963 938 4029 eliae
965 3963 1161 4030 uiderentur.
1206 3985 1279 4031 eece

264 4052 351 4117 enim
375 4051 415 4117 de
438 4052 547 4119 infixis
567 4052 731 4138 Vergiliae
754 4074 812 4119 nee
836 4075 856 4118 a
879 4051 929 4118 sui
951 4073 1159 4137 umquamne
1183 4074 1280 4139 oopu-

336 4285 369 4335 21
389 4280 443 4336 tibi
461 4281 596 4338 Ζιιιιιίιιιι
614 4279 669 4336 sibi
687 4280 754 4338 libri
