<?xml version="1.0" encoding="UTF-8"?>
<!DOCTYPE html PUBLIC "-//W3C//DTD XHTML 1.0 Transitional//EN"
    "http://www.w3.org/TR/xhtml1/DTD/xhtml1-transitional.dtd">
<html xmlns="http://www.w3.org/1999/xhtml" xml:lang="en" lang="en">
 <head>
  <title>
</title>
<meta http-equiv="Content-Type" content="text/html;charset=utf-8" />
  <meta name='ocr-system' content='tesseract 3.04.00' />
  <meta name='ocr-capabilities' content='ocr_page ocr_carea ocr_par ocr_line ocrx_word'/>
</head>
<body>
  <div class='ocr_page' id='page_1' title='image "./macrobius00cicegoog_0516.png"; bbox 0 0 3322 5190; ppageno 0'>
   <div class='ocr_carea' id='block_1_1' title="bbox 326 768 1108 839">
    <p class='ocr_par' dir='ltr' id='par_1_1' title="bbox 326 768 1108 839">
     <span class='ocr_line' id='line_1_1' title="bbox 326 768 1108 839; baseline -0.022 0"><span class='ocrx_word' id='word_1_1' title='bbox 326 774 393 839; x_wconf 82' lang='grc'>498</span> <span class='ocrx_word' id='word_1_2' title='bbox 555 770 668 828; x_wconf 74' lang='lat' dir='ltr'>court.</span> <span class='ocrx_word' id='word_1_3' title='bbox 688 771 726 825; x_wconf 85' lang='lat' dir='ltr'>IN</span> <span class='ocrx_word' id='word_1_4' title='bbox 747 769 856 826; x_wconf 74' lang='lat' dir='ltr'><strong>SOHN.</strong></span> <span class='ocrx_word' id='word_1_5' title='bbox 875 769 961 826; x_wconf 71' lang='lat' dir='ltr'>solu.</span> <span class='ocrx_word' id='word_1_6' title='bbox 979 768 1108 825; x_wconf 82' lang='lat' dir='ltr'>Llllltll</span> 
     </span>
    </p>
   </div>
   <div class='ocr_carea' id='block_1_2' title="bbox 278 932 1379 2604">
    <p class='ocr_par' dir='ltr' id='par_1_2' title="bbox 278 932 1379 2604">
     <span class='ocr_line' id='line_1_2' title="bbox 328 932 1339 1021; baseline -0.002 -20"><span class='ocrx_word' id='word_1_7' title='bbox 328 936 507 1021; x_wconf 78' lang='lat' dir='ltr'>plicatione</span> <span class='ocrx_word' id='word_1_8' title='bbox 525 934 693 1018; x_wconf 87' lang='lat' dir='ltr'>processit,</span> <span class='ocrx_word' id='word_1_9' title='bbox 713 933 797 998; x_wconf 83' lang='lat' dir='ltr'>sieut</span> <span class='ocrx_word' id='word_1_10' title='bbox 814 932 962 999; x_wconf 88' lang='lat' dir='ltr'>Minerua</span> <span class='ocrx_word' id='word_1_11' title='bbox 980 932 1050 997; x_wconf 91' lang='lat' dir='ltr'>sola</span> <span class='ocrx_word' id='word_1_12' title='bbox 1068 954 1108 996; x_wconf 84' lang='lat' dir='ltr'>ex</span> <span class='ocrx_word' id='word_1_13' title='bbox 1121 954 1185 998; x_wconf 92' lang='lat' dir='ltr'>uno</span> <span class='ocrx_word' id='word_1_14' title='bbox 1205 938 1339 1017; x_wconf 82' lang='lat' dir='ltr'>percute</span> 
     </span>
     <span class='ocr_line' id='line_1_3' title="bbox 278 1021 1339 1108; baseline -0.005 -16"><span class='ocrx_word' id='word_1_15' title='bbox 278 1028 407 1093; x_wconf 78' lang='lat' dir='ltr'>12nata</span> <span class='ocrx_word' id='word_1_16' title='bbox 439 1022 635 1108; x_wconf 80' lang='lat' dir='ltr'><strong>perhibetur.</strong></span> <span class='ocrx_word' id='word_1_17' title='bbox 681 1023 826 1088; x_wconf 80' lang='lat' dir='ltr'>senarius</span> <span class='ocrx_word' id='word_1_18' title='bbox 856 1042 947 1103; x_wconf 84' lang='lat' dir='ltr'>uero,</span> <span class='ocrx_word' id='word_1_19' title='bbox 979 1021 1033 1104; x_wconf 92' lang='lat' dir='ltr'>qui</span> <span class='ocrx_word' id='word_1_20' title='bbox 1066 1042 1138 1085; x_wconf 92' lang='lat' dir='ltr'>cum</span> <span class='ocrx_word' id='word_1_21' title='bbox 1168 1043 1231 1086; x_wconf 91' lang='lat' dir='ltr'>uno</span> <span class='ocrx_word' id='word_1_22' title='bbox 1265 1044 1339 1087; x_wconf 89' lang='lat' dir='ltr'>con-</span> 
     </span>
     <span class='ocr_line' id='line_1_4' title="bbox 330 1108 1339 1194; baseline -0.002 -17"><span class='ocrx_word' id='word_1_23' title='bbox 330 1114 458 1177; x_wconf 87' lang='lat' dir='ltr'>iunctus</span> <span class='ocrx_word' id='word_1_24' title='bbox 504 1110 722 1194; x_wconf 87' lang='lat' dir='ltr'>septenarium</span> <span class='ocrx_word' id='word_1_25' title='bbox 768 1108 861 1193; x_wconf 89' lang='lat' dir='ltr'>iacit,</span> <span class='ocrx_word' id='word_1_26' title='bbox 911 1109 1020 1173; x_wconf 91' lang='lat' dir='ltr'>uariae</span> <span class='ocrx_word' id='word_1_27' title='bbox 1066 1129 1103 1172; x_wconf 87' lang='lat' dir='ltr'>ac</span> <span class='ocrx_word' id='word_1_28' title='bbox 1149 1109 1339 1193; x_wconf 87' lang='lat' dir='ltr'>multiplicis</span> 
     </span>
     <span class='ocr_line' id='line_1_5' title="bbox 329 1196 1337 1287; baseline -0.002 -23"><span class='ocrx_word' id='word_1_29' title='bbox 329 1200 496 1287; x_wconf 81' lang='lat' dir='ltr'>religionis</span> <span class='ocrx_word' id='word_1_30' title='bbox 524 1203 558 1264; x_wconf 89' lang='lat' dir='ltr'>et</span> <span class='ocrx_word' id='word_1_31' title='bbox 589 1199 754 1283; x_wconf 89' lang='lat' dir='ltr'>potentiae</span> <span class='ocrx_word' id='word_1_32' title='bbox 782 1201 845 1263; x_wconf 85' lang='lat' dir='ltr'>est:</span> <span class='ocrx_word' id='word_1_33' title='bbox 894 1197 1034 1282; x_wconf 89' lang='lat' dir='ltr'>primum</span> <span class='ocrx_word' id='word_1_34' title='bbox 1067 1196 1152 1280; x_wconf 89' lang='lat' dir='ltr'>quod</span> <span class='ocrx_word' id='word_1_35' title='bbox 1183 1197 1272 1262; x_wconf 93' lang='lat' dir='ltr'>solus</span> <span class='ocrx_word' id='word_1_36' title='bbox 1299 1220 1337 1262; x_wconf 85' lang='lat' dir='ltr'>ex</span> 
     </span>
     <span class='ocr_line' id='line_1_6' title="bbox 329 1285 1379 1372; baseline -0.004 -18"><span class='ocrx_word' id='word_1_37' title='bbox 329 1289 478 1354; x_wconf 88' lang='lat' dir='ltr'>omuibus</span> <span class='ocrx_word' id='word_1_38' title='bbox 515 1287 671 1368; x_wconf 85' lang='lat' dir='ltr'>numeris,</span> <span class='ocrx_word' id='word_1_39' title='bbox 708 1287 763 1372; x_wconf 89' lang='lat' dir='ltr'>qui</span> <span class='ocrx_word' id='word_1_40' title='bbox 807 1288 892 1352; x_wconf 87' lang='lat' dir='ltr'>intra</span> <span class='ocrx_word' id='word_1_41' title='bbox 928 1285 1038 1351; x_wconf 86' lang='lat' dir='ltr'>decem</span> <span class='ocrx_word' id='word_1_42' title='bbox 1075 1288 1164 1370; x_wconf 86' lang='lat' dir='ltr'>suut,</span> <span class='ocrx_word' id='word_1_43' title='bbox 1200 1285 1239 1350; x_wconf 85' lang='lat' dir='ltr'>de</span> <span class='ocrx_word' id='word_1_44' title='bbox 1271 1287 1338 1352; x_wconf 88' lang='lat' dir='ltr'>suis</span> <span class='ocrx_word' id='word_1_45' title='bbox 1366 1307 1379 1350; x_wconf 78' lang='lat' dir='ltr'>c</span> 
     </span>
     <span class='ocr_line' id='line_1_7' title="bbox 278 1374 1337 1464; baseline -0.006 -18"><span class='ocrx_word' id='word_1_46' title='bbox 278 1378 476 1464; x_wconf 86' lang='lat' dir='ltr'>13partibus</span> <span class='ocrx_word' id='word_1_47' title='bbox 500 1381 636 1443; x_wconf 86' lang='lat' dir='ltr'>constat.</span> <span class='ocrx_word' id='word_1_48' title='bbox 683 1376 782 1442; x_wconf 84' lang='lat' dir='ltr'>habet</span> <span class='ocrx_word' id='word_1_49' title='bbox 809 1376 894 1442; x_wconf 89' lang='lat' dir='ltr'>enim</span> <span class='ocrx_word' id='word_1_50' title='bbox 918 1374 1122 1440; x_wconf 87' lang='lat' dir='ltr'>medietatem</span> <span class='ocrx_word' id='word_1_51' title='bbox 1151 1378 1184 1440; x_wconf 88' lang='lat' dir='ltr'>et</span> <span class='ocrx_word' id='word_1_52' title='bbox 1207 1376 1337 1441; x_wconf 88' lang='lat' dir='ltr'>tertiam</span> 
     </span>
     <span class='ocr_line' id='line_1_8' title="bbox 328 1463 1336 1551; baseline -0.004 -19"><span class='ocrx_word' id='word_1_53' title='bbox 328 1470 454 1551; x_wconf 88' lang='lat' dir='ltr'>partem</span> <span class='ocrx_word' id='word_1_54' title='bbox 478 1470 512 1531; x_wconf 91' lang='lat' dir='ltr'>et</span> <span class='ocrx_word' id='word_1_55' title='bbox 534 1470 659 1531; x_wconf 85' lang='lat' dir='ltr'>sextam</span> <span class='ocrx_word' id='word_1_56' title='bbox 683 1469 809 1549; x_wconf 87' lang='lat' dir='ltr'>partem</span> <span class='ocrx_word' id='word_1_57' title='bbox 832 1468 865 1529; x_wconf 88' lang='lat' dir='ltr'>et</span> <span class='ocrx_word' id='word_1_58' title='bbox 888 1466 939 1529; x_wconf 88' lang='lat' dir='ltr'>est</span> <span class='ocrx_word' id='word_1_59' title='bbox 961 1463 1117 1528; x_wconf 77' lang='lat' dir='ltr'><strong>medietas</strong></span> <span class='ocrx_word' id='word_1_60' title='bbox 1140 1464 1213 1547; x_wconf 86' lang='lat' dir='ltr'>tria,</span> <span class='ocrx_word' id='word_1_61' title='bbox 1236 1464 1336 1528; x_wconf 87' lang='lat' dir='ltr'>tertia</span> 
     </span>
     <span class='ocr_line' id='line_1_9' title="bbox 351 1550 1338 1637; baseline -0.005 -18"><span class='ocrx_word' id='word_1_62' title='bbox 351 1576 404 1619; x_wconf 88' lang='lat' dir='ltr'>ars</span> <span class='ocrx_word' id='word_1_63' title='bbox 432 1552 508 1636; x_wconf 87' lang='lat' dir='ltr'>duo,</span> <span class='ocrx_word' id='word_1_64' title='bbox 537 1556 630 1618; x_wconf 84' lang='lat' dir='ltr'>sexta</span> <span class='ocrx_word' id='word_1_65' title='bbox 656 1574 731 1637; x_wconf 88' lang='lat' dir='ltr'>pars</span> <span class='ocrx_word' id='word_1_66' title='bbox 760 1575 873 1634; x_wconf 89' lang='lat' dir='ltr'>unum,</span> <span class='ocrx_word' id='word_1_67' title='bbox 904 1572 985 1635; x_wconf 86' lang='lat' dir='ltr'>quae</span> <span class='ocrx_word' id='word_1_68' title='bbox 1013 1551 1121 1616; x_wconf 88' lang='lat' dir='ltr'>omnia</span> <span class='ocrx_word' id='word_1_69' title='bbox 1152 1550 1248 1614; x_wconf 91' lang='lat' dir='ltr'>simul</span> <span class='ocrx_word' id='word_1_70' title='bbox 1282 1572 1338 1615; x_wconf 81' lang='lat' dir='ltr'>sex</span> 
     </span>
     <span class='ocr_line' id='line_1_10' title="bbox 328 1576 1336 1722; baseline -0.004 -17"><span class='ocrx_word' id='word_1_71' title='bbox 328 1576 460 1706; x_wconf 73' lang='lat' dir='ltr'>iaciunt.</span> <span class='ocrx_word' id='word_1_72' title='bbox 505 1641 605 1706; x_wconf 88' lang='lat' dir='ltr'>habet</span> <span class='ocrx_word' id='word_1_73' title='bbox 628 1644 660 1704; x_wconf 93' lang='lat' dir='ltr'>et</span> <span class='ocrx_word' id='word_1_74' title='bbox 684 1642 750 1704; x_wconf 87' lang='lat' dir='ltr'>aliu</span> <span class='ocrx_word' id='word_1_75' title='bbox 772 1662 848 1705; x_wconf 89' lang='lat' dir='ltr'>suae</span> <span class='ocrx_word' id='word_1_76' title='bbox 876 1639 1092 1703; x_wconf 88' lang='lat' dir='ltr'>uenerationis</span> <span class='ocrx_word' id='word_1_77' title='bbox 1120 1637 1252 1722; x_wconf 89' lang='lat' dir='ltr'>iudicia,</span> <span class='ocrx_word' id='word_1_78' title='bbox 1280 1639 1336 1702; x_wconf 89' lang='lat' dir='ltr'>sed</span> 
     </span>
     <span class='ocr_line' id='line_1_11' title="bbox 328 1725 1379 1814; baseline -0.004 -20"><span class='ocrx_word' id='word_1_79' title='bbox 328 1751 368 1794; x_wconf 91' lang='lat' dir='ltr'>ne</span> <span class='ocrx_word' id='word_1_80' title='bbox 392 1728 522 1814; x_wconf 82' lang='lat' dir='ltr'>longior</span> <span class='ocrx_word' id='word_1_81' title='bbox 545 1727 645 1792; x_wconf 87' lang='lat' dir='ltr'>faeiat</span> <span class='ocrx_word' id='word_1_82' title='bbox 667 1749 773 1792; x_wconf 89' lang='lat' dir='ltr'>sermo</span> <span class='ocrx_word' id='word_1_83' title='bbox 796 1725 975 1810; x_wconf 84' lang='lat' dir='ltr'>fastidium,</span> <span class='ocrx_word' id='word_1_84' title='bbox 1002 1748 1101 1790; x_wconf 89' lang='lat' dir='ltr'>unum</span> <span class='ocrx_word' id='word_1_85' title='bbox 1126 1748 1162 1790; x_wconf 85' lang='lat' dir='ltr'>ex</span> <span class='ocrx_word' id='word_1_86' title='bbox 1187 1726 1379 1791; x_wconf 74' lang='lat' dir='ltr'>omnibusne</span> 
     </span>
     <span class='ocr_line' id='line_1_12' title="bbox 329 1813 1338 1899; baseline -0.001 -19"><span class='ocrx_word' id='word_1_87' title='bbox 329 1818 398 1881; x_wconf 88' lang='lat' dir='ltr'>eius</span> <span class='ocrx_word' id='word_1_88' title='bbox 418 1816 559 1880; x_wconf 89' lang='lat' dir='ltr'>officium</span> <span class='ocrx_word' id='word_1_89' title='bbox 577 1836 814 1899; x_wconf 86' lang='lat' dir='ltr'><strong>persequemur,</strong></span> <span class='ocrx_word' id='word_1_90' title='bbox 832 1813 917 1898; x_wconf 89' lang='lat' dir='ltr'>quod</span> <span class='ocrx_word' id='word_1_91' title='bbox 936 1814 1007 1879; x_wconf 91' lang='lat' dir='ltr'>ideo</span> <span class='ocrx_word' id='word_1_92' title='bbox 1022 1814 1243 1896; x_wconf 87' lang='lat' dir='ltr'>praetulimus,</span> <span class='ocrx_word' id='word_1_93' title='bbox 1262 1815 1338 1898; x_wconf 91' lang='lat' dir='ltr'>quia</span> 
     </span>
     <span class='ocr_line' id='line_1_13' title="bbox 329 1901 1337 1984; baseline -0.002 -17"><span class='ocrx_word' id='word_1_94' title='bbox 329 1902 390 1967; x_wconf 89' lang='lat' dir='ltr'>hoc</span> <span class='ocrx_word' id='word_1_95' title='bbox 410 1906 661 1967; x_wconf 86' lang='lat' dir='ltr'>commemorato</span> <span class='ocrx_word' id='word_1_96' title='bbox 681 1922 746 1966; x_wconf 90' lang='lat' dir='ltr'>non</span> <span class='ocrx_word' id='word_1_97' title='bbox 761 1902 879 1966; x_wconf 88' lang='lat' dir='ltr'>senarii</span> <span class='ocrx_word' id='word_1_98' title='bbox 898 1903 1025 1965; x_wconf 89' lang='lat' dir='ltr'>tantum</span> <span class='ocrx_word' id='word_1_99' title='bbox 1046 1901 1101 1965; x_wconf 88' lang='lat' dir='ltr'>scd</span> <span class='ocrx_word' id='word_1_100' title='bbox 1116 1905 1148 1964; x_wconf 90' lang='lat' dir='ltr'>et</span> <span class='ocrx_word' id='word_1_101' title='bbox 1162 1902 1337 1984; x_wconf 78' lang='lat' dir='ltr'>septenarii</span> 
     </span>
     <span class='ocr_line' id='line_1_14' title="bbox 280 1988 1337 2075; baseline -0.002 -18"><span class='ocrx_word' id='word_1_102' title='bbox 280 1990 453 2075; x_wconf 68' lang='lat' dir='ltr'>lepariter</span> <span class='ocrx_word' id='word_1_103' title='bbox 480 1989 623 2074; x_wconf 80' lang='lat' dir='ltr'>dignitas</span> <span class='ocrx_word' id='word_1_104' title='bbox 651 1990 843 2055; x_wconf 84' lang='lat' dir='ltr'>adstruatur.</span> <span class='ocrx_word' id='word_1_105' title='bbox 893 1989 1034 2054; x_wconf 86' lang='lat' dir='ltr'>humano</span> <span class='ocrx_word' id='word_1_106' title='bbox 1057 1989 1165 2073; x_wconf 84' lang='lat' dir='ltr'>partui</span> <span class='ocrx_word' id='word_1_107' title='bbox 1189 1988 1337 2074; x_wconf 89' lang='lat' dir='ltr'>frequen-</span> 
     </span>
     <span class='ocr_line' id='line_1_15' title="bbox 329 2079 1337 2143; baseline 0 0"><span class='ocrx_word' id='word_1_108' title='bbox 329 2081 446 2143; x_wconf 89' lang='lat' dir='ltr'>tiorem</span> <span class='ocrx_word' id='word_1_109' title='bbox 470 2100 564 2143; x_wconf 88' lang='lat' dir='ltr'>usum</span> <span class='ocrx_word' id='word_1_110' title='bbox 587 2100 704 2143; x_wconf 90' lang='lat' dir='ltr'>nouem</span> <span class='ocrx_word' id='word_1_111' title='bbox 733 2079 893 2143; x_wconf 81' lang='lat' dir='ltr'>mensium</span> <span class='ocrx_word' id='word_1_112' title='bbox 923 2081 1011 2142; x_wconf 89' lang='lat' dir='ltr'>certo</span> <span class='ocrx_word' id='word_1_113' title='bbox 1035 2099 1242 2142; x_wconf 85' lang='lat' dir='ltr'>numerorum</span> <span class='ocrx_word' id='word_1_114' title='bbox 1270 2101 1337 2143; x_wconf 90' lang='lat' dir='ltr'>mo·</span> 
     </span>
     <span class='ocr_line' id='line_1_16' title="bbox 330 2164 1379 2248; baseline -0.002 -16"><span class='ocrx_word' id='word_1_115' title='bbox 330 2167 495 2233; x_wconf 90' lang='lat' dir='ltr'>dulamine</span> <span class='ocrx_word' id='word_1_116' title='bbox 536 2172 655 2232; x_wconf 88' lang='lat' dir='ltr'>natura</span> <span class='ocrx_word' id='word_1_117' title='bbox 695 2166 874 2248; x_wconf 84' lang='lat' dir='ltr'>constituit,</span> <span class='ocrx_word' id='word_1_118' title='bbox 910 2164 966 2230; x_wconf 86' lang='lat' dir='ltr'>sed</span> <span class='ocrx_word' id='word_1_119' title='bbox 1004 2165 1088 2231; x_wconf 87' lang='lat' dir='ltr'>ratio</span> <span class='ocrx_word' id='word_1_120' title='bbox 1125 2166 1184 2231; x_wconf 93' lang='lat' dir='ltr'>sub</span> <span class='ocrx_word' id='word_1_121' title='bbox 1222 2165 1336 2233; x_wconf 88' lang='lat' dir='ltr'>adsciti</span> <span class='ocrx_word' id='word_1_122' title='bbox 1353 2188 1379 2230; x_wconf 78' lang='lat' dir='ltr'>re</span> 
     </span>
     <span class='ocr_line' id='line_1_17' title="bbox 331 2254 1337 2338; baseline 0 -18"><span class='ocrx_word' id='word_1_123' title='bbox 331 2256 449 2320; x_wconf 85' lang='lat' dir='ltr'>senarii</span> <span class='ocrx_word' id='word_1_124' title='bbox 468 2257 593 2320; x_wconf 89' lang='lat' dir='ltr'>numeri</span> <span class='ocrx_word' id='word_1_125' title='bbox 612 2254 881 2338; x_wconf 78' lang='lat' dir='ltr'>multiplicatione</span> <span class='ocrx_word' id='word_1_126' title='bbox 901 2254 1076 2337; x_wconf 85' lang='lat' dir='ltr'>procedens</span> <span class='ocrx_word' id='word_1_127' title='bbox 1096 2254 1195 2318; x_wconf 85' lang='lat' dir='ltr'>etiarn</span> <span class='ocrx_word' id='word_1_128' title='bbox 1214 2261 1337 2338; x_wconf 86' lang='lat' dir='ltr'>septem</span> 
     </span>
     <span class='ocr_line' id='line_1_18' title="bbox 279 2341 1338 2427; baseline 0 -19"><span class='ocrx_word' id='word_1_129' title='bbox 279 2349 458 2414; x_wconf 74' lang='lat' dir='ltr'>lbmenses</span> <span class='ocrx_word' id='word_1_130' title='bbox 477 2342 624 2425; x_wconf 89' lang='lat' dir='ltr'>conpulit</span> <span class='ocrx_word' id='word_1_131' title='bbox 646 2343 804 2426; x_wconf 89' lang='lat' dir='ltr'>usurpari.</span> <span class='ocrx_word' id='word_1_132' title='bbox 850 2364 947 2426; x_wconf 88' lang='lat' dir='ltr'>quam</span> <span class='ocrx_word' id='word_1_133' title='bbox 966 2341 1108 2408; x_wconf 85' lang='lat' dir='ltr'>breuiter</span> <span class='ocrx_word' id='word_1_134' title='bbox 1125 2342 1338 2427; x_wconf 89' lang='lat' dir='ltr'>absoluteque</span> 
     </span>
     <span class='ocr_line' id='line_1_19' title="bbox 329 2429 1339 2516; baseline -0.001 -20"><span class='ocrx_word' id='word_1_135' title='bbox 329 2431 479 2496; x_wconf 85' lang='lat' dir='ltr'>dicemus.</span> <span class='ocrx_word' id='word_1_136' title='bbox 517 2430 596 2494; x_wconf 85' lang='lat' dir='ltr'>duos</span> <span class='ocrx_word' id='word_1_137' title='bbox 616 2451 686 2494; x_wconf 87' lang='lat' dir='ltr'>esse</span> <span class='ocrx_word' id='word_1_138' title='bbox 705 2431 829 2514; x_wconf 92' lang='lat' dir='ltr'>primos</span> <span class='ocrx_word' id='word_1_139' title='bbox 844 2429 989 2494; x_wconf 92' lang='lat' dir='ltr'>omnium</span> <span class='ocrx_word' id='word_1_140' title='bbox 1003 2451 1210 2494; x_wconf 89' lang='lat' dir='ltr'>numerorum</span> <span class='ocrx_word' id='word_1_141' title='bbox 1230 2431 1339 2516; x_wconf 85' lang='lat' dir='ltr'>cubos,</span> 
     </span>
     <span class='ocr_line' id='line_1_20' title="bbox 328 2518 1338 2604; baseline -0.001 -19"><span class='ocrx_word' id='word_1_142' title='bbox 328 2519 359 2585; x_wconf 90' lang='lat' dir='ltr'>id</span> <span class='ocrx_word' id='word_1_143' title='bbox 388 2522 439 2585; x_wconf 85' lang='lat' dir='ltr'>est</span> <span class='ocrx_word' id='word_1_144' title='bbox 460 2541 480 2584; x_wconf 91' lang='lat' dir='ltr'>a</span> <span class='ocrx_word' id='word_1_145' title='bbox 503 2519 573 2603; x_wconf 88' lang='lat' dir='ltr'>pari</span> <span class='ocrx_word' id='word_1_146' title='bbox 597 2523 670 2583; x_wconf 88' lang='lat' dir='ltr'>octo</span> <span class='ocrx_word' id='word_1_147' title='bbox 699 2518 739 2583; x_wconf 89' lang='lat' dir='ltr'>ab</span> <span class='ocrx_word' id='word_1_148' title='bbox 772 2519 890 2603; x_wconf 91' lang='lat' dir='ltr'>impari</span> <span class='ocrx_word' id='word_1_149' title='bbox 913 2519 1032 2604; x_wconf 82' lang='lat' dir='ltr'>uiginti</span> <span class='ocrx_word' id='word_1_150' title='bbox 1060 2523 1183 2603; x_wconf 85' lang='lat' dir='ltr'>septem</span> <span class='ocrx_word' id='word_1_151' title='bbox 1212 2523 1245 2584; x_wconf 89' lang='lat' dir='ltr'>et</span> <span class='ocrx_word' id='word_1_152' title='bbox 1268 2541 1338 2584; x_wconf 91' lang='lat' dir='ltr'>esse</span> 
     </span>
    </p>
   </div>
   <div class='ocr_carea' id='block_1_3' title="bbox 276 2608 1380 3050">
    <p class='ocr_par' dir='ltr' id='par_1_3' title="bbox 276 2608 1380 3050">
     <span class='ocr_line' id='line_1_21' title="bbox 328 2608 1380 2693; baseline -0.001 -20"><span class='ocrx_word' id='word_1_153' title='bbox 328 2610 484 2693; x_wconf 90' lang='lat' dir='ltr'>imparem</span> <span class='ocrx_word' id='word_1_154' title='bbox 499 2630 630 2691; x_wconf 86' lang='lat' dir='ltr'>marem,</span> <span class='ocrx_word' id='word_1_155' title='bbox 648 2630 760 2692; x_wconf 87' lang='lat' dir='ltr'>parem</span> <span class='ocrx_word' id='word_1_156' title='bbox 779 2608 932 2673; x_wconf 84' lang='lat' dir='ltr'>feminum</span> <span class='ocrx_word' id='word_1_157' title='bbox 951 2608 1098 2692; x_wconf 89' lang='lat' dir='ltr'>superius</span> <span class='ocrx_word' id='word_1_158' title='bbox 1114 2610 1337 2692; x_wconf 81' lang='lat' dir='ltr'>expressimus.</span> <span class='ocrx_word' id='word_1_159' title='bbox 1351 2633 1380 2672; x_wconf 80' lang='lat' dir='ltr'>ao</span> 
     </span>
     <span class='ocr_line' id='line_1_22' title="bbox 327 2697 1338 2784; baseline 0.003 -22"><span class='ocrx_word' id='word_1_160' title='bbox 327 2699 444 2763; x_wconf 77' lang='lat' dir='ltr'>lacrum</span> <span class='ocrx_word' id='word_1_161' title='bbox 459 2702 593 2783; x_wconf 90' lang='lat' dir='ltr'>uterque</span> <span class='ocrx_word' id='word_1_162' title='bbox 612 2698 639 2762; x_wconf 89' lang='lat' dir='ltr'>si</span> <span class='ocrx_word' id='word_1_163' title='bbox 659 2720 716 2782; x_wconf 88' lang='lat' dir='ltr'>pcr</span> <span class='ocrx_word' id='word_1_164' title='bbox 736 2697 898 2764; x_wconf 81' lang='lat' dir='ltr'>serrarium</span> <span class='ocrx_word' id='word_1_165' title='bbox 914 2720 1081 2762; x_wconf 83' lang='lat' dir='ltr'>ruuucrum</span> <span class='ocrx_word' id='word_1_166' title='bbox 1097 2698 1338 2784; x_wconf 81' lang='lat' dir='ltr'>multiplicetur,</span> 
     </span>
     <span class='ocr_line' id='line_1_23' title="bbox 328 2788 1337 2873; baseline 0.002 -21"><span class='ocrx_word' id='word_1_167' title='bbox 328 2788 472 2854; x_wconf 81' lang='lat' dir='ltr'>afliciunt</span> <span class='ocrx_word' id='word_1_168' title='bbox 500 2789 622 2852; x_wconf 83' lang='lat' dir='ltr'>dicrum</span> <span class='ocrx_word' id='word_1_169' title='bbox 651 2812 833 2872; x_wconf 83' lang='lat' dir='ltr'>numerum,</span> <span class='ocrx_word' id='word_1_170' title='bbox 862 2789 916 2872; x_wconf 88' lang='lat' dir='ltr'>qui</span> <span class='ocrx_word' id='word_1_171' title='bbox 941 2793 1063 2873; x_wconf 84' lang='lat' dir='ltr'>scptcur</span> <span class='ocrx_word' id='word_1_172' title='bbox 1094 2789 1257 2854; x_wconf 82' lang='lat' dir='ltr'>rucusibue</span> <span class='ocrx_word' id='word_1_173' title='bbox 1286 2814 1337 2854; x_wconf 83' lang='lat' dir='ltr'>cx-</span> 
     </span>
     <span class='ocr_line' id='line_1_24' title="bbox 276 2877 1338 2962; baseline -0.002 -17"><span class='ocrx_word' id='word_1_174' title='bbox 276 2878 498 2962; x_wconf 83' lang='lat' dir='ltr'>16plicantur.</span> <span class='ocrx_word' id='word_1_175' title='bbox 545 2883 662 2942; x_wconf 87' lang='lat' dir='ltr'>coeunt</span> <span class='ocrx_word' id='word_1_176' title='bbox 690 2879 775 2941; x_wconf 89' lang='lat' dir='ltr'>euim</span> <span class='ocrx_word' id='word_1_177' title='bbox 800 2879 937 2959; x_wconf 84' lang='lat' dir='ltr'>numeri,</span> <span class='ocrx_word' id='word_1_178' title='bbox 968 2900 1037 2941; x_wconf 78' lang='lat' dir='ltr'>urus</span> <span class='ocrx_word' id='word_1_179' title='bbox 1063 2877 1117 2941; x_wconf 91' lang='lat' dir='ltr'>ille</span> <span class='ocrx_word' id='word_1_180' title='bbox 1141 2880 1195 2961; x_wconf 92' lang='lat' dir='ltr'>qui</span> <span class='ocrx_word' id='word_1_181' title='bbox 1220 2901 1338 2943; x_wconf 85' lang='lat' dir='ltr'>merno-</span> 
     </span>
     <span class='ocr_line' id='line_1_25' title="bbox 328 2966 1338 3050; baseline 0.001 -20"><span class='ocrx_word' id='word_1_182' title='bbox 328 2970 418 3030; x_wconf 89' lang='lat' dir='ltr'>ratur</span> <span class='ocrx_word' id='word_1_183' title='bbox 437 2969 470 3029; x_wconf 90' lang='lat' dir='ltr'>et</span> <span class='ocrx_word' id='word_1_184' title='bbox 488 2966 618 3050; x_wconf 87' lang='lat' dir='ltr'>femina,</span> <span class='ocrx_word' id='word_1_185' title='bbox 637 2970 710 3030; x_wconf 88' lang='lat' dir='ltr'>octo</span> <span class='ocrx_word' id='word_1_186' title='bbox 730 2967 853 3029; x_wconf 88' lang='lat' dir='ltr'>scilicet</span> <span class='ocrx_word' id='word_1_187' title='bbox 871 2970 904 3029; x_wconf 88' lang='lat' dir='ltr'>et</span> <span class='ocrx_word' id='word_1_188' title='bbox 922 2966 1039 3049; x_wconf 81' lang='lat' dir='ltr'>uigiuti</span> <span class='ocrx_word' id='word_1_189' title='bbox 1055 2971 1189 3048; x_wconf 87' lang='lat' dir='ltr'>septem,</span> <span class='ocrx_word' id='word_1_190' title='bbox 1208 2970 1338 3049; x_wconf 89' lang='lat' dir='ltr'>pariunt</span> 
     </span>
    </p>
   </div>
   <div class='ocr_carea' id='block_1_4' title="bbox 275 3055 1377 3841">
    <p class='ocr_par' dir='ltr' id='par_1_4' title="bbox 275 3055 1377 3841">
     <span class='ocr_line' id='line_1_26' title="bbox 328 3055 1376 3138; baseline -0.004 -20"><span class='ocrx_word' id='word_1_191' title='bbox 328 3076 366 3118; x_wconf 84' lang='lat' dir='ltr'>ex</span> <span class='ocrx_word' id='word_1_192' title='bbox 397 3076 430 3118; x_wconf 91' lang='lat' dir='ltr'>se</span> <span class='ocrx_word' id='word_1_193' title='bbox 463 3055 603 3137; x_wconf 86' lang='lat' dir='ltr'>quinque</span> <span class='ocrx_word' id='word_1_194' title='bbox 636 3060 669 3116; x_wconf 90' lang='lat' dir='ltr'>et</span> <span class='ocrx_word' id='word_1_195' title='bbox 693 3055 839 3138; x_wconf 85' lang='lat' dir='ltr'>triginta:</span> <span class='ocrx_word' id='word_1_196' title='bbox 870 3055 949 3118; x_wconf 86' lang='lat' dir='ltr'>haec</span> <span class='ocrx_word' id='word_1_197' title='bbox 983 3056 1085 3117; x_wconf 82' lang='lat' dir='ltr'>sexies</span> <span class='ocrx_word' id='word_1_198' title='bbox 1119 3056 1336 3138; x_wconf 87' lang='lat' dir='ltr'>multiplicata</span> <span class='ocrx_word' id='word_1_199' title='bbox 1350 3075 1376 3115; x_wconf 78' lang='lat' dir='ltr'>es</span> 
     </span>
     <span class='ocr_line' id='line_1_27' title="bbox 328 3142 1336 3227; baseline 0.004 -23"><span class='ocrx_word' id='word_1_200' title='bbox 328 3146 438 3205; x_wconf 91' lang='lat' dir='ltr'>creant</span> <span class='ocrx_word' id='word_1_201' title='bbox 452 3142 561 3205; x_wconf 89' lang='lat' dir='ltr'>decem</span> <span class='ocrx_word' id='word_1_202' title='bbox 577 3146 609 3204; x_wconf 92' lang='lat' dir='ltr'>et</span> <span class='ocrx_word' id='word_1_203' title='bbox 628 3142 792 3227; x_wconf 82' lang='lat' dir='ltr'>ducentos,</span> <span class='ocrx_word' id='word_1_204' title='bbox 811 3143 865 3225; x_wconf 88' lang='lat' dir='ltr'>qui</span> <span class='ocrx_word' id='word_1_205' title='bbox 884 3165 1037 3206; x_wconf 88' lang='lat' dir='ltr'>uumerus</span> <span class='ocrx_word' id='word_1_206' title='bbox 1056 3142 1178 3205; x_wconf 87' lang='lat' dir='ltr'>dierum</span> <span class='ocrx_word' id='word_1_207' title='bbox 1195 3166 1336 3208; x_wconf 84' lang='lat' dir='ltr'>mensem</span> 
     </span>
     <span class='ocr_line' id='line_1_28' title="bbox 329 3230 1337 3315; baseline 0.004 -23"><span class='ocrx_word' id='word_1_208' title='bbox 329 3230 501 3313; x_wconf 87' lang='lat' dir='ltr'>septimum</span> <span class='ocrx_word' id='word_1_209' title='bbox 531 3230 662 3294; x_wconf 85' lang='lat' dir='ltr'>claudit.</span> <span class='ocrx_word' id='word_1_210' title='bbox 709 3232 755 3294; x_wconf 91' lang='lat' dir='ltr'>ita</span> <span class='ocrx_word' id='word_1_211' title='bbox 779 3236 829 3295; x_wconf 89' lang='lat' dir='ltr'>est</span> <span class='ocrx_word' id='word_1_212' title='bbox 858 3253 934 3315; x_wconf 79' lang='lat' dir='ltr'>ergo</span> <span class='ocrx_word' id='word_1_213' title='bbox 963 3237 1078 3295; x_wconf 85' lang='lat' dir='ltr'>natura</span> <span class='ocrx_word' id='word_1_214' title='bbox 1102 3231 1256 3296; x_wconf 84' lang='lat' dir='ltr'>fecundus</span> <span class='ocrx_word' id='word_1_215' title='bbox 1285 3233 1337 3296; x_wconf 89' lang='lat' dir='ltr'>hic</span> 
     </span>
     <span class='ocr_line' id='line_1_29' title="bbox 328 3318 1336 3403; baseline 0.003 -22"><span class='ocrx_word' id='word_1_216' title='bbox 328 3340 489 3399; x_wconf 85' lang='lat' dir='ltr'>numerus,</span> <span class='ocrx_word' id='word_1_217' title='bbox 504 3323 540 3381; x_wconf 90' lang='lat' dir='ltr'>ut</span> <span class='ocrx_word' id='word_1_218' title='bbox 560 3319 697 3399; x_wconf 87' lang='lat' dir='ltr'>primam</span> <span class='ocrx_word' id='word_1_219' title='bbox 717 3320 849 3382; x_wconf 86' lang='lat' dir='ltr'>humaui</span> <span class='ocrx_word' id='word_1_220' title='bbox 869 3325 980 3402; x_wconf 88' lang='lat' dir='ltr'>partus</span> <span class='ocrx_word' id='word_1_221' title='bbox 1000 3318 1229 3402; x_wconf 84' lang='lat' dir='ltr'>perfectionem</span> <span class='ocrx_word' id='word_1_222' title='bbox 1245 3322 1336 3403; x_wconf 85' lang='lat' dir='ltr'>quusi</span> 
     </span>
     <span class='ocr_line' id='line_1_30' title="bbox 275 3406 1335 3488; baseline 0.003 -20"><span class='ocrx_word' id='word_1_223' title='bbox 275 3415 316 3476; x_wconf 82' lang='lat'>17</span> <span class='ocrx_word' id='word_1_224' title='bbox 328 3407 449 3469; x_wconf 86' lang='lat' dir='ltr'>arbiter</span> <span class='ocrx_word' id='word_1_225' title='bbox 460 3406 589 3488; x_wconf 88' lang='lat' dir='ltr'>quidam</span> <span class='ocrx_word' id='word_1_226' title='bbox 601 3407 798 3469; x_wconf 80' lang='lat' dir='ltr'>maturitatis</span> <span class='ocrx_word' id='word_1_227' title='bbox 809 3407 967 3470; x_wconf 87' lang='lat' dir='ltr'>absoluat.</span> <span class='ocrx_word' id='word_1_228' title='bbox 993 3406 1143 3470; x_wconf 87' lang='lat' dir='ltr'>discretio</span> <span class='ocrx_word' id='word_1_229' title='bbox 1155 3430 1230 3470; x_wconf 71' lang='lat' dir='ltr'>itero</span> <span class='ocrx_word' id='word_1_230' title='bbox 1242 3430 1335 3472; x_wconf 80' lang='lat' dir='ltr'>sexus</span> 
     </span>
     <span class='ocr_line' id='line_1_31' title="bbox 328 3492 1377 3575; baseline 0.001 -22"><span class='ocrx_word' id='word_1_231' title='bbox 328 3492 429 3556; x_wconf 87' lang='lat' dir='ltr'>futuri</span> <span class='ocrx_word' id='word_1_232' title='bbox 449 3492 532 3555; x_wconf 88' lang='lat' dir='ltr'>sieut</span> <span class='ocrx_word' id='word_1_233' title='bbox 556 3492 769 3575; x_wconf 82' lang='lat' dir='ltr'>Hippocrates</span> <span class='ocrx_word' id='word_1_234' title='bbox 794 3494 893 3556; x_wconf 86' lang='lat' dir='ltr'>refert</span> <span class='ocrx_word' id='word_1_235' title='bbox 917 3496 962 3557; x_wconf 88' lang='lat' dir='ltr'>sic</span> <span class='ocrx_word' id='word_1_236' title='bbox 983 3495 1014 3557; x_wconf 91' lang='lat' dir='ltr'>iu</span> <span class='ocrx_word' id='word_1_237' title='bbox 1035 3499 1127 3558; x_wconf 88' lang='lat' dir='ltr'>utero</span> <span class='ocrx_word' id='word_1_238' title='bbox 1151 3496 1336 3560; x_wconf 85' lang='lat' dir='ltr'>dinoscitur.</span> <span class='ocrx_word' id='word_1_239' title='bbox 1350 3516 1377 3554; x_wconf 83' lang='lat' dir='ltr'>eo</span> 
     </span>
     <span class='ocr_line' id='line_1_32' title="bbox 328 3581 1334 3667; baseline 0.004 -25"><span class='ocrx_word' id='word_1_240' title='bbox 328 3586 385 3642; x_wconf 88' lang='lat' dir='ltr'>aut</span> <span class='ocrx_word' id='word_1_241' title='bbox 408 3581 492 3642; x_wconf 91' lang='lat' dir='ltr'>enim</span> <span class='ocrx_word' id='word_1_242' title='bbox 517 3581 757 3661; x_wconf 77' lang='lat' dir='ltr'>septuagesimo</span> <span class='ocrx_word' id='word_1_243' title='bbox 778 3587 835 3643; x_wconf 89' lang='lat' dir='ltr'>aut</span> <span class='ocrx_word' id='word_1_244' title='bbox 852 3583 1063 3664; x_wconf 84' lang='lat' dir='ltr'>nonagesimo</span> <span class='ocrx_word' id='word_1_245' title='bbox 1088 3583 1138 3645; x_wconf 84' lang='lat' dir='ltr'>die</span> <span class='ocrx_word' id='word_1_246' title='bbox 1163 3588 1334 3667; x_wconf 86' lang='lat' dir='ltr'>conceptus</span> 
     </span>
     <span class='ocr_line' id='line_1_33' title="bbox 327 3668 1334 3752; baseline 0.005 -23"><span class='ocrx_word' id='word_1_247' title='bbox 327 3671 483 3730; x_wconf 88' lang='lat' dir='ltr'>mouetur.</span> <span class='ocrx_word' id='word_1_248' title='bbox 521 3668 588 3730; x_wconf 90' lang='lat' dir='ltr'>dies</span> <span class='ocrx_word' id='word_1_249' title='bbox 604 3688 680 3750; x_wconf 79' lang='lat' dir='ltr'>ergo</span> <span class='ocrx_word' id='word_1_250' title='bbox 700 3671 808 3732; x_wconf 87' lang='lat' dir='ltr'>motus</span> <span class='ocrx_word' id='word_1_251' title='bbox 824 3669 1014 3752; x_wconf 88' lang='lat' dir='ltr'>quicumque</span> <span class='ocrx_word' id='word_1_252' title='bbox 1030 3670 1135 3752; x_wconf 84' lang='lat' dir='ltr'>fuerit,</span> <span class='ocrx_word' id='word_1_253' title='bbox 1154 3670 1191 3733; x_wconf 89' lang='lat' dir='ltr'>de</span> <span class='ocrx_word' id='word_1_254' title='bbox 1212 3671 1334 3734; x_wconf 83' lang='lat' dir='ltr'>duobus</span> 
     </span>
     <span class='ocr_line' id='line_1_34' title="bbox 327 3755 1336 3841; baseline 0.009 -27"><span class='ocrx_word' id='word_1_255' title='bbox 327 3758 377 3817; x_wconf 87' lang='lat' dir='ltr'>ter</span> <span class='ocrx_word' id='word_1_256' title='bbox 408 3755 639 3837; x_wconf 88' lang='lat' dir='ltr'>multiplicatus</span> <span class='ocrx_word' id='word_1_257' title='bbox 672 3760 729 3818; x_wconf 89' lang='lat' dir='ltr'>aut</span> <span class='ocrx_word' id='word_1_258' title='bbox 760 3756 931 3838; x_wconf 89' lang='lat' dir='ltr'>septimum</span> <span class='ocrx_word' id='word_1_259' title='bbox 964 3763 1019 3822; x_wconf 88' lang='lat' dir='ltr'>aut</span> <span class='ocrx_word' id='word_1_260' title='bbox 1047 3779 1166 3821; x_wconf 87' lang='lat' dir='ltr'>nonum</span> <span class='ocrx_word' id='word_1_261' title='bbox 1195 3758 1336 3841; x_wconf 84' lang='lat' dir='ltr'>explicat</span> 
     </span>
    </p>
   </div>
   <div class='ocr_carea' id='block_1_5' title="bbox 323 3909 1334 4191">
    <p class='ocr_par' dir='ltr' id='par_1_5' title="bbox 323 3909 1334 4191">
     <span class='ocr_line' id='line_1_35' title="bbox 399 3909 1334 3981; baseline 0.006 -20"><span class='ocrx_word' id='word_1_262' title='bbox 399 3909 568 3963; x_wconf 75' lang='lat' dir='ltr'>timeditate</span> <span class='ocrx_word' id='word_1_263' title='bbox 588 3910 613 3962; x_wconf 99' lang='grc' dir='ltr'><strong><em>Β</em></strong></span> <span class='ocrx_word' id='word_1_264' title='bbox 684 3916 713 3963; x_wconf 94' lang='grc'>11</span> <span class='ocrx_word' id='word_1_265' title='bbox 736 3911 877 3967; x_wconf 71' lang='lat' dir='ltr'>ciliciae*</span> <span class='ocrx_word' id='word_1_266' title='bbox 900 3914 926 3965; x_wconf 85' lang='lat' dir='ltr'><strong><em>P</em></strong></span> <span class='ocrx_word' id='word_1_267' title='bbox 999 3920 1031 3967; x_wconf 85' lang='lat'>13</span> <span class='ocrx_word' id='word_1_268' title='bbox 1051 3914 1200 3981; x_wconf 78' lang='lat' dir='ltr'>ulstruetur</span> <span class='ocrx_word' id='word_1_269' title='bbox 1220 3915 1246 3967; x_wconf 92' lang='grc' dir='ltr'><strong><em>Β</em></strong></span> <span class='ocrx_word' id='word_1_270' title='bbox 1303 3921 1334 3967; x_wconf 77' lang='lat' dir='ltr'>lo</span> 
     </span>
     <span class='ocr_line' id='line_1_36' title="bbox 326 3979 1333 4053; baseline 0.008 -22"><span class='ocrx_word' id='word_1_271' title='bbox 326 3979 408 4033; x_wconf 80' lang='lat' dir='ltr'>laB</span> <span class='ocrx_word' id='word_1_272' title='bbox 462 3979 587 4034; x_wconf 79' lang='lat' dir='ltr'>ascitiP</span> <span class='ocrx_word' id='word_1_273' title='bbox 640 3988 671 4034; x_wconf 85' lang='lat'>18</span> <span class='ocrx_word' id='word_1_274' title='bbox 691 3982 820 4049; x_wconf 84' lang='lat' dir='ltr'>cybosP</span> <span class='ocrx_word' id='word_1_275' title='bbox 874 3991 904 4037; x_wconf 88' lang='grc'>19</span> <span class='ocrx_word' id='word_1_276' title='bbox 925 3986 1067 4053; x_wconf 79' lang='lat' dir='ltr'>mpereB</span> <span class='ocrx_word' id='word_1_277' title='bbox 1122 3981 1333 4039; x_wconf 77' lang='lat' dir='ltr'>20lenuucP&#39;</span> 
     </span>
     <span class='ocr_line' id='line_1_37' title="bbox 326 4052 1334 4125; baseline 0.006 -21"><span class='ocrx_word' id='word_1_278' title='bbox 326 4056 360 4104; x_wconf 73' lang='lat'>20</span> <span class='ocrx_word' id='word_1_279' title='bbox 381 4057 444 4104; x_wconf 81' lang='lat' dir='ltr'>uuis</span> <span class='ocrx_word' id='word_1_280' title='bbox 464 4052 500 4118; x_wconf 77' lang='lat' dir='ltr'>(tr.</span> <span class='ocrx_word' id='word_1_281' title='bbox 519 4068 538 4105; x_wconf 87' lang='lat' dir='ltr'>e.</span> <span class='ocrx_word' id='word_1_282' title='bbox 559 4053 690 4116; x_wconf 70' lang='lat' dir='ltr'>numeull</span> <span class='ocrx_word' id='word_1_283' title='bbox 709 4054 736 4105; x_wconf 87' lang='lat' dir='ltr'><em>B</em></span> <span class='ocrx_word' id='word_1_284' title='bbox 826 4060 859 4107; x_wconf 75' lang='lat'>29</span> <span class='ocrx_word' id='word_1_285' title='bbox 879 4056 1056 4110; x_wconf 76' lang='lat' dir='ltr'>maturitates</span> <span class='ocrx_word' id='word_1_286' title='bbox 1072 4055 1110 4110; x_wconf 88' lang='lat' dir='ltr'>P&#39;</span> <span class='ocrx_word' id='word_1_287' title='bbox 1202 4063 1236 4110; x_wconf 86' lang='lat'>30</span> <span class='ocrx_word' id='word_1_288' title='bbox 1256 4058 1334 4125; x_wconf 88' lang='lat' dir='ltr'>lupo·</span> 
     </span>
     <span class='ocr_line' id='line_1_38' title="bbox 323 4120 1009 4191; baseline 0.006 -16"><span class='ocrx_word' id='word_1_289' title='bbox 323 4120 439 4176; x_wconf 84' lang='lat' dir='ltr'>chrates</span> <span class='ocrx_word' id='word_1_290' title='bbox 456 4122 489 4188; x_wconf 87' lang='lat' dir='ltr'>P,</span> <span class='ocrx_word' id='word_1_291' title='bbox 510 4123 658 4191; x_wconf 85' lang='lat' dir='ltr'>ypocratcs</span> <span class='ocrx_word' id='word_1_292' title='bbox 672 4124 699 4176; x_wconf 93' lang='grc' dir='ltr'><strong><em>Β</em></strong></span> <span class='ocrx_word' id='word_1_293' title='bbox 754 4129 787 4178; x_wconf 77' lang='lat'>32</span> <span class='ocrx_word' id='word_1_294' title='bbox 807 4125 892 4179; x_wconf 81' lang='lat' dir='ltr'>faerit</span> <span class='ocrx_word' id='word_1_295' title='bbox 910 4143 960 4180; x_wconf 82' lang='lat' dir='ltr'>our.</span> <span class='ocrx_word' id='word_1_296' title='bbox 982 4128 1009 4179; x_wconf 84' lang='lat' dir='ltr'><em>P</em></span> 
     </span>
    </p>
   </div>
   <div class='ocr_carea' id='block_1_6' title="bbox 0 0 1666 5190">
    <p class='ocr_par' dir='ltr' id='par_1_6' title="bbox 0 0 1666 5190">
     <span class='ocr_line' id='line_1_39' title="bbox 0 0 1666 5190; baseline 0 3"><span class='ocrx_word' id='word_1_297' title='bbox 0 0 1666 5190; x_wconf 95' lang='lat' dir='ltr'> </span> 
     </span>
    </p>
   </div>
  </div>
 </body>
</html>
