3442 5190
783 797 835 852 XII
853 804 941 853 4-18
1301 796 1367 861 449

353 958 427 1024 dere
450 962 610 1043 praestat,
638 960 733 1025 melle
760 961 913 1026 uincitur.
959 959 1032 1024 ideo
1055 959 1089 1024 in
1112 959 1180 1025 illis
1204 960 1367 1046 grauitate

353 1048 542 1134 demergens
566 1049 606 1114 ad
630 1049 766 1113 fundum
790 1049 918 1130 decidit,
940 1050 975 1113 iu
997 1049 1093 1113 melle
1113 1070 1189 1114 uero
1208 1050 1246 1114 ut
1264 1048 1367 1114 leuior

353 1135 392 1200 de
416 1136 487 1201 loeo
510 1137 598 1202 uicta
621 1158 749 1202 sursum
772 1134 927 1220 pellitur'

442 1222 621 1301 ‘Quoniam
650 1247 688 1290 ex
716 1226 780 1306 his,
809 1247 891 1309 quee
919 1224 1006 1289 dieta
1034 1227 1124 1306 suut,
1152 1224 1308 1309 ingerunt
1330 1231 1396 1295 sea

326 1312 478 1382 ssimiles
504 1315 724 1400 quaestiones,
757 1335 827 1397 eur,
859 1313 983 1395 Disari,
1016 1313 1062 1377 ita
1095 1312 1159 1377 mel
1192 1317 1225 1377 et
1252 1313 1365 1380 uinum

352 1399 488 1468 diuersis
518 1405 680 1469 aetatibus
707 1402 869 1467 habentur
893 1401 1031 1487 optima,
1058 1400 1123 1468 mel
1146 1402 1232 1486 quod
1256 1425 1364 1469 recen·

353 1491 530 1575 tissimum,
559 1494 667 1557 uiuum
698 1493 784 1578 quod
812 1492 1091 1557 uetustissimum?
1143 1491 1226 1558 uude
1255 1497 1304 1557 est
1331 1497 1364 1559 et

352 1580 432 1646 illud
473 1582 692 1667 prouerbium,
733 1605 796 1667 quo
837 1586 974 1646 utuntur
1011 1581 1146 1665 gulones
1188 1583 1364 1667 mulsum,

351 1669 451 1753 quod
491 1672 609 1755 probe
642 1676 847 1755 temperes,
882 1668 1114 1735 miscendum
1148 1693 1233 1736 esse
1265 1694 1362 1738 nouo

313 1756 552 1844 1ollymetti0
577 1765 614 1825 ot
638 1762 768 1825 uetulo
792 1758 980 1825 Falerno?
1027 1757 1233 1844 ‘propterea'
1257 1760 1417 1846 iuquit10

353 1848 406 1914 ille
433 1849 526 1934 ‘quia
558 1850 642 1914 inter
674 1872 708 1915 se
737 1850 868 1936 iugenio
893 1849 1021 1914 diuersa
1051 1851 1135 1914 sunt.
1180 1849 1250 1914 uini
1278 1851 1363 1916 enim

350 1940 468 2004 natura
490 1938 624 2003 humida
648 1944 713 2024 est,
740 1940 846 2003 mellis
871 1939 970 2004 mida.
1011 1937 1040 2003 si
1064 1937 1150 2004 dicto
1170 1961 1242 2004 meo
1267 1939 1364 2005 addu-

352 2026 516 2113 bitaueris,
534 2028 713 2093 medicinae
733 2029 971 2112 contemplator
990 2027 1148 2093 ellectum.
1185 2050 1261 2094 uam
1281 2052 1364 2115 quae

350 2115 479 2182 udanda
507 2121 582 2181 suut
610 2119 770 2202 eorporis,
803 2119 878 2181 uiuo
906 2117 1074 2200 torrentur,
1102 2139 1184 2200 quse
1213 2119 1363 2183 siccanda

312 2233 337 2274 re
351 2208 436 2286 sunt,
457 2205 552 2269 melle
571 2205 790 2290 deterguntur.
826 2205 928 2289 igitur
946 2204 1185 2289 longinquitate
1205 2208 1362 2290 temporis

349 2292 389 2357 de
422 2296 561 2380 utroque
593 2294 715 2379 aliquid
748 2292 942 2358 exsorbente
974 2293 1087 2357 uinum
1121 2293 1281 2359 meracius
1314 2295 1361 2376 fit,

349 2382 413 2447 mel
437 2382 568 2467 aridius,
591 2385 694 2447 etita
722 2383 784 2446 mel
808 2403 884 2447 sueo
908 2381 1057 2466 priuatur
1080 2386 1117 2447 ut
1141 2383 1253 2447 uinum
1276 2404 1362 2467 aqua

349 2470 525 2538 liberatur!

438 2559 523 2627 ‘Nee
545 2560 622 2640 hoe,
649 2561 734 2646 quod
758 2560 918 2644 sequitur,
945 2559 1101 2624 dissimile
1124 2559 1277 2642 quaesitis
1301 2565 1412 2644 estll

311 2674 337 2716 ro
352 2669 420 2730 cur,
449 2649 478 2713 si
500 2670 581 2714 uasa
604 2650 672 2714 uini
700 2652 797 2733 atque
821 2649 884 2713 olei
907 2648 1029 2713 diutule
1054 2646 1232 2731 semiplena
1254 2652 1360 2714 eusto-

351 2735 434 2817 dies,
463 2737 575 2801 uinum
603 2737 703 2801 ferme
726 2738 760 2800 in
783 2758 911 2801 acorem
934 2736 1165 2819 corrumpitur,
1193 2737 1264 2802 oleo
1287 2759 1360 2802 eou-

350 2829 402 2888 tra
430 2845 527 2908 sapor
554 2825 685 2889 suauior
709 2823 936 2889 eorroiliaturl'
984 2821 1187 2908 ‘utrumque’
1210 2824 1413 2896 Disariusl2

350 2912 398 2976 uit
420 2909 549 2979 ‘uerum
573 2917 631 2977 est.
676 2913 709 2976 in
734 2911 815 2976 illud
839 2912 924 2975 enim
949 2932 1094 2994 uacuum,
1117 2912 1203 2995 quod
1223 2934 1359 2995 superne

350 2998 470 3085 liquido
505 3003 605 3084 curet,
643 3022 697 3065 ser
728 3000 853 3064 aduena
886 2998 1012 3082 incidit,
1048 2999 1105 3083 qui
1132 3000 1359 3065 tenuissimum

308 3115 333 3156 re
348 3111 505 3175 quemque
528 3090 696 3155 humorem
720 3089 810 3154 elicit
832 3092 865 3153 et
884 3087 1026 3170 exorbet,
1050 3110 1088 3154 eo
1107 3088 1227 3154 siccato
1247 3089 1360 3155 uinum

347 3178 438 3263 quasi
463 3179 640 3264 spoliatum
665 3179 798 3265 uiribus,
821 3182 921 3263 prout
944 3178 1075 3263 ingenio
1097 3178 1284 3243 inbecillum
1303 3184 1360 3244 aut

347 3267 489 3333 rralidum
519 3268 594 3353 luit,
626 3269 678 3333 uel
708 3290 802 3334 acore
831 3275 1054 3353 exasperatur,
1087 3268 1139 3332 uel
1168 3266 1359 3333 austeritate

346 3358 567 3443 restringitur,
600 3358 706 3422 oleum
740 3360 848 3422 eutem
881 3355 1042 3441 superfluo
1073 3356 1208 3421 humore
1236 3356 1358 3422 sieeeto

346 3446 435 3511 uelut
453 3469 594 3528 mucore,
613 3447 666 3531 qui
687 3446 720 3510 in
740 3469 778 3513 eo
792 3445 899 3527 latuit,
918 3445 1066 3509 absterso
1083 3445 1226 3529 adquirit
1239 3467 1359 3510 nouem

307 3562 334 3604 00
347 3535 542 3601 suauitatem
567 3535 714 3619 saporis?

434 3625 560 3690 Rursus
589 3625 636 3690 ait
659 3624 805 3691 Auienus
834 3622 1026 3706 ‘Hesiodum
1054 3646 1126 3689 eum
1155 3624 1195 3688 ad
1218 3621 1410 3696 mediumffi

346 3713 424 3779 dolii
456 3718 647 3797 peruentum
681 3718 745 3797 est,
779 3713 1049 3798 eonpereendum,
1081 3715 1115 3777 et
1146 3713 1261 3778 ceteris
1289 3713 1358 3777 eius

416 3887 605 3944 roscidum
624 3903 674 3945 om.
694 3888 722 3942 P
810 3886 912 3956 aquid
931 3886 1116 3942 reeeutrllrme
1138 3881 1176 3940 P'
1263 3890 1279 3937 9
1322 3886 1357 3941 be

345 3975 395 4015 om.
416 3956 454 4014 P'
529 3967 562 4013 10
581 3959 696 4014 hrmetro
716 3959 744 4013 P
817 3965 845 4012 11
867 3957 969 4012 diuersi
984 3962 1015 4011 ((1
1029 3960 1087 4013 uid.
1102 3954 1140 4012 P'
1215 3963 1247 4011 15
1267 3955 1302 4012 de
1334 3976 1357 4010 r·

345 4031 446 4101 gentos
463 4030 520 4100 (tur
538 4032 570 4084 in
587 4032 655 4098 ras.)
675 4030 703 4084 P
791 4034 823 4084 16
842 4029 877 4083 lit
894 4028 1025 4083 meratrul
1044 4029 1072 4084 P
1147 4036 1179 4084 17
1199 4045 1264 4083 uino
1284 4044 1359 4097 aqua

345 4106 480 4171 purgatur
498 4102 526 4156 P
618 4101 845 4170 191000010οΡ
931 4106 965 4154 16
984 4116 1098 4170 mgemo
1115 4106 1224 4169 praeter
1243 4116 1308 4155 emo
1326 4101 1358 4153 r'n

346 4189 401 4228 ras.
419 4175 450 4227 in
468 4174 496 4228 Ρ
565 4180 599 4227 31
619 4173 695 4229 (10101
716 4171 753 4226 P'
827 4170 970 4243 copeendu
990 4172 1031 4226 en
1048 4173 1070 4226 ἁ
1089 4171 1117 4224 Ρ

398 4271 541 4313 1110000100
1108 4265 1143 4312 21)
