3322 5190
670 823 723 879 1111
743 830 848 880 12-22
1209 825 1271 890 147

265 990 413 1052 contusus
435 986 491 1053 illc
514 985 660 1072 podagra
678 987 812 1053 uolebat
830 989 939 1052 tamen
958 986 1062 1052 uideri
1081 986 1272 1053 discussisse

265 1074 322 1140 iam
352 1075 467 1140 uitium
494 1079 528 1140 et
554 1076 642 1140 mille
666 1097 782 1160 passus
806 1076 975 1142 ambulare
999 1097 1033 1141 se
1058 1075 1273 1161 gloriabatur.

265 1164 311 1316 fui
327 1163 448 1230 Caesar
470 1185 544 1230 non
567 1165 686 1230 miror
705 1165 827 1250 iuquit:
851 1165 932 1230 dies
957 1165 1160 1250 aliquanto
1181 1168 1273 1231 sunt

278 1274 465 1338 cogrores.

244 1365 254 1404 r
345 1341 464 1407 [telate
485 1342 525 1407 sd
549 1364 583 1408 se
607 1342 830 1428 magnitudine
849 1343 934 1407 aeris
954 1342 1061 1425 alieni,
1084 1365 1180 1427 quam
1201 1343 1270 1427 qui·
1283 1345 1324 1410 17

263 1428 329 1494 dum
357 1451 456 1516 eques
478 1429 645 1497 ltomsnus
669 1432 745 1497 dum
768 1433 852 1497 uixit
874 1431 1081 1497 excedentem
1104 1431 1271 1497 ducenties

261 1520 431 1604 celauerat,
458 1521 609 1585 culcitam
637 1522 702 1585 emi
728 1521 945 1587 cubicularem
970 1521 1004 1584 in
1027 1520 1095 1585 eius
1120 1520 1270 1586 suctione

260 1609 321 1674 sibi
348 1609 456 1692 iussit,
483 1613 516 1674 at
543 1614 751 1697 praeceptum
780 1610 975 1676 mirantibus
1003 1610 1086 1674 hsnc
1110 1609 1270 1674 rationem

258 1698 394 1764 reddidit
419 1699 594 1764 babendo
618 1702 677 1764 cst
699 1699 746 1764 ad
770 1721 941 1765 somnum
965 1699 1111 1764 culcita
1133 1699 1173 1762 in
1196 1721 1271 1784 qua

217 1809 242 1850 ro
258 1785 340 1869 ille,
362 1811 444 1854 cum
466 1791 613 1854 tontum
637 1789 810 1870 deberet,
834 1787 1002 1855 dormire
1027 1787 1167 1872 putruit.

344 1877 420 1943 Non
443 1883 493 1943 est
515 1879 781 1944 intermittendus
805 1901 912 1943 sermo
935 1879 1012 1961 eius,
1036 1899 1130 1961 quem
1154 1875 1324 1947 cato-18

251 1966 316 2031 nis
338 1967 453 2033 honori
476 1968 573 2032 dedit.
615 1969 705 2033 uenit
727 1967 815 2033 loric
833 1969 866 2032 in
886 1967 1029 2045 domum,
1051 1966 1084 2030 in
1107 1989 1171 2052 qun
1189 1963 1272 2032 Cato

251 2051 470 2121 liabitauerat.
515 2056 588 2121 dein
618 2054 779 2121 Strabone
809 2057 842 2120 in
872 2056 1093 2121 adulationem
1121 2054 1271 2120 Caesaris

256 2145 344 2208 male
366 2144 573 2209 existimante
597 2144 636 2209 dc
659 2146 842 2229 peruicacia
865 2144 1000 2210 Catonis
1023 2146 1071 2208 ait
1093 2143 1271 2228 quisquis

198 2247 230 2288 ¹⁵
255 2236 504 2314 praesentem
541 2236 687 2298 statum
724 2233 904 2298 ciuitatis
937 2231 1164 2296 commutari
1195 2252 1269 2295 non

250 2320 376 2398 nolet,
405 2324 444 2385 et
470 2320 569 2386 ciuis
598 2325 636 2386 et
663 2321 723 2387 uir
751 2321 873 2386 bonus
901 2324 967 2384 est
1014 2320 1096 2383 satis
1124 2319 1209 2384 serio
1238 2326 1271 2385 ct

249 2405 414 2474 Catonem
432 2408 580 2475 laudauit
598 2413 631 2474 et
650 2409 724 2494 sibi,
744 2409 858 2495 nequis
877 2407 1056 2474 sallectarct
1073 2429 1124 2473 res
1139 2429 1271 2493 nouare,

247 2499 426 2564 consuluit.

342 2586 437 2655 Soleo
475 2589 510 2653 in
545 2587 699 2676 Augusto
738 2589 846 2676 magis
879 2588 990 2653 mirari
1023 2609 1104 2672 quos
1137 2585 1272 2672 pertulit
1284 2590 1324 2656 19

188 2690 224 2731 π
256 2674 355 2764 iocos,
377 2699 475 2762 quam
499 2678 569 2762 ipse
591 2700 672 2763 quos
691 2679 838 2763 protulit,
860 2677 937 2762 quia
955 2676 1060 2741 maior
1080 2677 1131 2741 est
1147 2676 1272 2760 patien-

256 2765 322 2831 tiae
349 2788 445 2851 quam
474 2763 644 2831 facundiae
668 2765 753 2850 laus,
781 2767 921 2830 maxime
944 2786 1016 2829 cum
1037 2764 1272 2849 aequanimiter

257 2853 366 2939 aliqua
398 2855 497 2918 etism
529 2854 609 2920 iocis
640 2855 845 2920 mordaciore
871 2853 1053 2938 pertulerit.
1104 2852 1270 2918 cuiusdam
1282 2859 1325 2924 20

259 2942 468 3024 prouincialis
495 2942 585 3008 iocus
614 2964 708 3028 asper
732 2943 882 3008 innotuit.
928 2943 1110 3007 intrauerat
1132 2940 1270 3007 Romam

262 3030 442 3097 simillimus
466 3029 597 3098 Caesari
625 3035 659 3098 et
686 3033 719 3098 in
748 3055 782 3098 se
808 3031 953 3098 omnium
976 3054 1034 3095 ora
1057 3033 1271 3097 conuerterat.

202 3135 244 3176 25
269 3121 427 3208 Augustus
460 3121 591 3207 perduci
625 3121 665 3187 ad
698 3146 732 3187 sc
765 3122 929 3187 hominem
959 3121 1068 3204 iussit,
1101 3121 1271 3207 uisumque

267 3208 320 3278 boc
341 3213 437 3279 modo
461 3213 678 3298 interrogauit
705 3213 765 3279 dic
789 3212 897 3297 mihi,
925 3212 1168 3295 adulescens,
1195 3210 1273 3277 fuit

268 3301 467 3387 aliquando
499 3307 624 3367 mator
656 3304 721 3367 tua
748 3302 912 3369 Romae?
945 3301 1078 3387 negauit
1109 3301 1178 3384 ille,
1212 3321 1272 3365 nec

268 3394 428 3455 contentus
452 3390 570 3456 adiecit
592 3389 658 3455 sed
681 3393 792 3475 pater
815 3412 918 3456 meus
943 3412 1066 3474 saepe.

346 3478 561 3565 Temporibus
576 3479 834 3544 triumuiralibus
850 3479 956 3544 Pollio
971 3501 1043 3544 cum
1055 3477 1271 3544 Fescenninos
1282 3485 1321 3550 21

229 3563 383 3633 scincum
402 3566 571 3655 Augustus
595 3568 789 3652 scripsisset,
813 3568 860 3632 ait
882 3571 922 3631 at
944 3588 1016 3653 ego
1041 3570 1160 3632 laceo.
1197 3589 1271 3632 non

267 3659 316 3720 est
349 3657 447 3721 enim
483 3656 600 3722 facile
633 3657 671 3721 in
704 3678 787 3721 curn
820 3657 1005 3739 scribere,
1042 3656 1108 3739 qui
1140 3658 1271 3739 potest

266 3744 508 3823 proscribere.

344 3831 488 3915 Curtius,
519 3853 616 3917 eques
644 3831 812 3896 Romanus
845 3830 968 3895 deliciis
998 3830 1164 3913 diffluens,
1195 3851 1266 3894 cum
1278 3839 1322 3904 22

328 3987 492 4044 lconlalol
507 3990 535 4044 B
597 3988 723 4060 podagro
745 3987 781 4042 ff
846 3985 1056 4056 agionesauu
1075 3985 1110 4040 Η
1175 3985 1267 4042 'lcul-

265 4060 382 4115 utsiom.
400 4055 436 4114 Β
506 4066 539 4115 10
557 4061 719 4116 tantantum
739 4058 774 4113 B
845 4063 876 4112 16
897 4057 976 4112 cirrus
992 4058 1027 4112 B'
1102 4062 1134 4111 lu
1154 4057 1212 4112 lero
1233 4057 1269 4111 13'

265 4135 293 4256 gg
309 4131 504 4258 algisiffictnss
544 4149 619 4188 noua
637 4127 677 4186 B'
726 4137 758 4185 19
777 4145 890 4185 amrrsrr
909 4126 947 4183 13'
992 4135 1025 4183 26
1040 4127 1203 4182 adolescens
1214 4129 1272 4182 BP

989 4287 1042 4343 10*
