3322 5190
759 878 786 934 v
806 883 910 934 re-ee
1280 879 1345 945 427

327 1038 545 1106 admiratione
566 1038 756 1107 referentem
781 1041 813 1106 sl
833 1040 871 1107 ἓν
893 1035 937 1126 ἦν
959 1041 978 1108 ὁ
999 1041 1193 1127 ἄνθρωπος,
1217 1040 1279 1108 οὐκ
1301 1039 1344 1108 dv

327 1129 462 1212 ἧλγεεν·
486 1128 582 1213 ἀλγεῖ
603 1127 651 1215 δέ,
674 1129 736 1197 οὐκ
759 1131 823 1215 ἄρα
845 1129 884 1196 ἓν
903 1129 981 1197 ἐστί.
1017 1152 1095 1217 ergo
1114 1132 1141 1195 si
1160 1131 1259 1197 homo
1278 1151 1344 1197 non

327 1238 441 1302 unum,
477 1217 666 1283 nutriendus
702 1222 753 1283 est
788 1240 854 1283 non
892 1240 931 1283 ex
963 1240 1037 1283 uno.
1092 1238 1168 1283 uam
1201 1221 1235 1283 et
1267 1219 1400 1285 deus20

328 1305 472 1370 omnium
508 1305 684 1371 fabricetur
720 1327 826 1372 serem
865 1328 929 1391 quo
967 1306 1270 1388 circumfundimur,
1311 1310 1346 1372 et

301 1392 420 1458 scuius
447 1392 608 1476 spiramus
636 1392 771 1477 haustu,
797 1414 864 1459 uon
892 1394 1072 1479 simplicem
1096 1393 1216 1459 habere
1239 1393 1346 1459 uoluit

329 1481 530 1567 qualitatem,
552 1485 590 1546 ut
613 1484 671 1546 aut
693 1479 831 1568 frigidus
855 1482 898 1548 sit
921 1503 1049 1566 semper
1072 1490 1129 1547 aut
1151 1481 1265 1566 caleat,
1287 1478 1344 1547 sed

327 1591 387 1635 nec
414 1570 589 1637 continuae
617 1571 756 1636 siccitati
778 1593 838 1637 nec
861 1572 1018 1656 perpetuo
1042 1592 1116 1635 eum
1140 1570 1264 1636 addixit
1286 1569 1343 1636 hu·
1371 1570 1374 1577 ’

328 1659 426 1742 mori,
454 1660 531 1746 quia
559 1682 625 1726 uua
647 1681 707 1726 noe
730 1681 798 1726 non
821 1662 952 1746 poterat
975 1659 1133 1745 qualitate
1155 1659 1281 1726 nutrire
1304 1657 1343 1725 de

332 1749 501 1832 permixtis
524 1753 679 1836 quattuor
701 1748 889 1816 fabricatos.
930 1770 988 1814 uer
1011 1771 1090 1836 ergo
1110 1748 1248 1815 calidum
1266 1746 1344 1815 feeit

288 1862 314 1903 re
328 1840 362 1904 et
393 1837 592 1921 humectum,
625 1839 712 1905 sicca
743 1843 794 1905 est
820 1843 928 1905 aestas
957 1842 990 1904 et
1017 1837 1136 1918 calida,
1168 1841 1343 1904 autumnus

327 1927 430 1993 siccus
454 1931 487 1992 et
506 1928 656 2014 frigidus,
678 1929 783 1993 hiems
802 1927 935 1993 humida
953 1928 1076 2012 pariter
1095 1931 1129 1991 et
1146 1926 1267 2013 frigida
1285 1931 1344 1992 est

326 2015 374 2080 sic
397 2020 430 2081 et
454 2015 624 2100 elementa,
647 2038 730 2103 quae
753 2020 830 2082 sunt
852 2019 967 2082 nostra
989 2015 1159 2101 principis,
1182 2037 1221 2080 ex
1240 2014 1395 2082 diuet-21

326 2104 479 2170 sitatibus
508 2110 542 2171 et
568 2105 641 2191 ipse
666 2108 818 2172 constant
841 2108 875 2170 et
897 2128 958 2171 nos
981 2105 1138 2170 nutriunt.
1184 2108 1235 2169 eet
1257 2104 1344 2169 enim

325 2192 413 2280 ignis
436 2193 559 2258 calidus
582 2197 616 2257 et
638 2193 753 2276 siccus,
776 2214 830 2258 aer
852 2192 1023 2259 humectus
1046 2197 1080 2257 et
1102 2192 1235 2274 calidus,
1259 2213 1345 2276 aqua

288 2301 313 2343 rs
327 2279 479 2382 similiter
502 2280 655 2346 humecta
678 2280 734 2346 sed
757 2281 890 2383 frigida,
913 2279 1142 2382 terratrigids
1165 2281 1287 2382 pariter
1310 2282 1344 2343 et

327 2367 1343 2539 „⁰153distulit?lssssitlssilifflllttdt

327 2565 452 2627 sumus,
480 2543 640 2608 uniforme
668 2545 734 2609 sit?
779 2544 864 2628 quod
894 2548 1002 2609 autem
1032 2563 1177 2608 acescere
1200 2541 1252 2608 uel
1276 2544 1395 2608 n0n22

326 2654 506 2718 numquam
539 2632 665 2697 fumare
694 2633 728 2697 in
757 2631 926 2698 stomacho
954 2632 1061 2697 cibum
1089 2631 1140 2696 uis
1169 2629 1342 2715 adsignare

286 2743 314 2784 eo
327 2721 489 2804 uarietati,
513 2725 550 2786 ut·
570 2723 747 2806 credemus,
770 2721 959 2805 pronunties
978 2722 1117 2805 oportet,
1140 2721 1197 2784 aut
1215 2739 1344 2803 semper

328 2832 419 2962 tile
439 2810 851 2963 q⁰lii¹²¹⁹³⁰e⁰illm⁰lilill
872 2808 1343 2963 ¹2²¹Jll³⁸t²lt¹3⁰¹33¹¹²l

328 3008 441 3052 mensa
457 2920 600 3052 pfruiturq
615 2920 761 3073 copiosi),
789 2986 850 3053 hoc
878 2987 993 3052 uitium
1022 3006 1118 3070 saepe
1145 3006 1210 3050 non
1234 2918 1343 3066 senlil,

328 3079 361 3141 et
389 3077 444 3162 qui
473 3098 508 3143 se
535 3099 599 3143 uno
627 3079 700 3144 cibo
728 3076 853 3162 adficit,
881 3098 975 3161 eaeque
1003 3076 1144 3141 sustinet
1170 3072 1232 3140 hoc
1256 3072 1343 3160 quod

287 3187 314 3229 es
328 3188 475 3252 accuses,
502 3188 560 3233 cur
583 3166 644 3234 hoc
668 3168 819 3233 uarietati
843 3170 877 3233 et
898 3188 966 3232 uon
989 3166 1086 3231 modo
1110 3163 1263 3230 edacitati
1286 3164 1343 3230 ad-

328 3256 460 3342 signas?
511 3277 587 3321 nem
621 3260 655 3323 et
685 3257 724 3322 de
756 3257 895 3343 simplici
930 3255 1045 3321 auidus
1072 3276 1191 3320 noxum
1220 3253 1345 3339 petitur

328 3344 509 3431 cruditatis,
532 3350 565 3409 et
588 3346 622 3411 iu
646 3346 737 3412 uario
756 3346 941 3411 moderatus
961 3344 1152 3432 digestionis
1172 3340 1343 3408 commodo

328 3435 455 3500 fruitur.
510 3439 557 3517 at,
593 3435 732 3521 inquies,
768 3435 841 3518 ipsa
873 3433 1090 3499 inmoderatio
1124 3453 1163 3497 ex
1196 3431 1342 3496 ciborum
1352 3432 1396 3499 23

328 3523 487 3589 uarietate
510 3523 655 3590 nascitur
678 3523 835 3590 titillante
859 3523 936 3608 gula
954 3525 987 3588 et
1004 3522 1045 3587 ad
1064 3520 1221 3586 sumenda
1238 3519 1343 3604 plura,

288 3633 426 3697 ecquam
456 3633 588 3678 necesse
617 3615 682 3697 est,
713 3615 922 3697 prouocante.
972 3633 1083 3677 rursus
1111 3609 1151 3674 ad
1180 3630 1233 3692 ee,
1261 3628 1344 3693 quae
1354 3609 1398 3676 24

328 3700 392 3765 iem
417 3699 493 3783 dixi,
516 3700 677 3782 tenuium,
700 3699 876 3766 cruditates
899 3699 938 3764 de
962 3698 1068 3779 modo,
1090 3719 1156 3763 non
1180 3696 1219 3761 de
1243 3695 1345 3781 quali·

330 3791 398 3852 tate
425 3790 605 3870 prouenire.
650 3787 783 3854 modum
810 3808 888 3852 uero
917 3789 1038 3868 seruat,
1067 3785 1121 3870 qui
1152 3784 1203 3848 sui
1227 3786 1344 3867 potens

401 3960 414 4007 1
430 3956 492 4022 περὶ
506 3913 603 4020 educe
615 3953 768 4022 ἀνθρώπου
783 3953 848 4009 sect.
865 3951 904 4004 lll
918 3968 945 4021 p.
960 3949 1031 4005 sed.
1042 3949 1111 4005 Foes
1122 3951 1160 4019 (p.
1171 3952 1206 4003 20
1216 3946 1345 4018 Froben).

401 4105 632 4160 lammrratrone
651 4102 680 4157 P
743 4100 902 4157 ΞΕΛΓΕΕΝ
922 4100 951 4155 Ρ
1015 4088 1097 4156 {tlt
1115 4099 1144 4154 P
1222 4098 1347 4154 tautu-

330 4176 403 4230 endu
426 4176 454 4230 P
527 4172 691 4246 epmrxtcs
712 4172 750 4226 P'
840 4175 871 4226 11
896 4169 1008 4242 hiemps
1027 4171 1055 4226 P
1126 4175 1159 4225 le
1183 4173 1299 4225 eterra
1320 4167 1350 4224 P

332 4253 364 4300 17
384 4245 436 4301 nos
451 4262 500 4302 om.
523 4246 551 4298 P
603 4249 638 4298 2³
658 4243 836 4312 copiolaom.
857 4237 891 4296 P
