3442 5190
697 795 762 849 XIII
782 799 887 848 13-21
1259 795 1303 859 69

292 957 351 1042 pit,
379 956 435 1042 qui
463 955 609 1022 addictus
638 957 689 1020 est
717 953 882 1039 nundinis,
909 955 1015 1021 omnis
1043 954 1097 1021 ille
1125 977 1229 1021 annus
1256 954 1304 1020 in·

292 1046 405 1111 fauetis
434 1045 562 1110 casibus
589 1045 756 1110 luctuosus
784 1044 860 1127 fuit,
893 1044 1097 1129 maximeque
1124 1044 1303 1130 Lepidiano

292 1136 429 1199 tumultu
458 1134 568 1218 opinio
596 1134 661 1198 ista
688 1135 819 1198 firmata
846 1136 904 1198 est.
958 1132 1061 1199 Nonis
1090 1138 1200 1199 autem
1228 1149 1357 1214 con-18

293 1227 404 1288 uentus
431 1224 601 1287 uniuersae
630 1220 849 1287 multitudinis
872 1223 1025 1287 uitandus
1049 1223 1305 1304 existimabatur,

270 1312 441 1396 aquoniam
460 1310 600 1397 populus
619 1310 787 1376 Romanus
807 1311 930 1376 exactis
949 1311 1047 1376 etiam
1066 1312 1199 1396 regibus
1218 1312 1303 1376 diem

292 1400 374 1465 hunc
405 1400 575 1466 Nonarum
607 1399 749 1464 maxime
786 1398 990 1482 celebrabat,
1027 1421 1122 1485 quem
1158 1402 1303 1466 natalem

293 1487 394 1555 Seruii
424 1488 525 1554 Tullii
553 1488 774 1572 existimabat,
806 1491 896 1574 quia,
927 1510 1001 1554 oum
1030 1489 1189 1555 incertum
1216 1495 1305 1555 esset

293 1602 354 1666 quo
379 1599 488 1645 mense
507 1577 637 1645 Seruius
657 1577 784 1644 Tullius
803 1583 900 1644 natue
922 1579 1048 1661 fuisset,
1067 1577 1172 1646 Nonio
1192 1581 1304 1644 tamen

292 1672 402 1734 natum
435 1689 504 1734 esse
537 1671 716 1752 constaret,
746 1690 858 1733 omncs
885 1666 998 1734 Nonas
1033 1667 1153 1733 celebri
1185 1669 1305 1735 notitia

241 1757 536 1843 toirequsntabat:
577 1758 699 1822 ueritus
737 1778 835 1843 ergo,
877 1759 931 1841 qni
968 1755 1082 1822 diebus
1124 1763 1306 1841 praeerant,

293 1847 408 1932 nequid
442 1846 596 1911 nundinis
633 1846 770 1912 collecta
802 1845 999 1911 uniuersitas
1032 1846 1074 1911 ob
1108 1846 1304 1913 desiderium

294 1936 377 2021 regis
396 1939 540 2018 nouaret,
558 1936 684 2000 cauisse
702 1940 740 2000 ut
756 1934 869 2000 Nonae
889 1957 909 1999 a
926 1935 1078 2000 nundinis
1098 1956 1304 2022 segregaren-

294 2028 353 2089 tur.
407 2024 491 2088 unde
522 2024 591 2089 dies
618 2024 689 2108 ille,
720 2046 783 2109 quo
813 2023 978 2089 abundare
1006 2045 1126 2090 annum
1156 2025 1304 2107 diximus,
1316 2021 1357 2086 19

295 2135 404 2178 eorum
422 2115 473 2176 est
491 2113 667 2196 permissus
687 2113 831 2190 arbItrio,
854 2112 909 2197 qui
927 2112 1023 2177 fastis
1041 2117 1225 2197 praeerant,
1247 2114 1305 2190 uti,

249 2222 364 2265 rreum
389 2200 522 2280 uellent,
544 2201 800 2282 intercalaretur,
824 2199 899 2264 dum
924 2199 1020 2263 modo
1044 2221 1116 2263 eum
1140 2200 1175 2264 in
1200 2201 1304 2265 medio

294 2287 563 2353 Terminaliorum
585 2288 638 2351 uel
662 2287 783 2351 mensis
805 2288 1007 2351 intercalaris
1025 2288 1073 2354 ita
1092 2289 1246 2370 locarent,
1268 2292 1306 2352 ut

295 2398 313 2439 a
348 2378 498 2461 srrspeoto
537 2376 587 2439 die
624 2375 844 2440 celebritatem
881 2379 1045 2440 auerteret
1080 2376 1332 2443 nundinarum·

295 2469 390 2550 atquo
419 2465 479 2530 lroo
496 2468 573 2544 nat,
600 2464 684 2550 quod
712 2465 840 2549 quidam
866 2468 1013 2530 notorum
1036 2467 1216 2532 retulerunt
1237 2489 1304 2532 non

295 2555 398 2619 solum
435 2575 578 2619 mensem
611 2554 696 2638 apud
728 2553 908 2637 Itomanos,
944 2577 1055 2620 uerum
1088 2557 1187 2621 etiam
1219 2556 1305 2620 diem

248 2662 282 2704 zo
296 2643 518 2708 intercalarem
542 2641 650 2706 fuisse.
687 2643 814 2725 quando
839 2645 947 2706 autem
971 2645 1112 2726 primurn
1134 2639 1360 2710 inteream-20

294 2737 360 2796 tum
389 2732 432 2795 sit
458 2731 549 2795 uarie
575 2731 723 2795 refertur.
774 2735 807 2793 et
834 2729 960 2794 Maesa
988 2732 1117 2815 quidem
1144 2733 1305 2797 Incrruvs

295 2821 373 2884 eius
410 2819 466 2884 rei
500 2818 693 2902 originem
726 2816 887 2883 Romulo
921 2819 1114 2906 adelgnat.
1172 2819 1305 2886 Annus

294 2925 397 2974 LIBRO
434 2923 597 2973 sscvnno
634 2905 794 2972 Numam
831 2906 1065 2991 Pompilium
1106 2931 1306 2975 sacrorum

294 3019 407 3063 causa
438 2996 474 3061 id
510 2996 713 3061 inuenisse
746 2995 920 3062 contendit
974 2997 1093 3065 lvrrrvs
1126 2996 1305 3066 Seruium

255 3086 462 3151 uTullium
484 3105 614 3170 regem
637 3087 803 3170 primum
826 3086 1086 3154 intercalasse
1109 3111 1305 3155 commemo-

294 3180 352 3260 rat,
370 3199 391 3242 a
409 3197 481 3261 quo
503 3178 540 3240 et
563 3175 757 3240 nundinas
780 3176 988 3242 institutas
1007 3177 1172 3245 VARRONI
1192 3181 1306 3263 placet

293 3266 495 3331 Tvnrnsnvo
511 3265 610 3330 refert
619 3283 725 3331 nrnno
740 3283 870 3330 rnnrro
880 3264 1163 3334 Mno1snnnrvvu
1178 3271 1305 3334 decem
1316 3263 1358 3328 21

294 3355 411 3436 uiros,
433 3355 489 3439 qui
512 3353 621 3419 decem
646 3355 766 3419 tabulis
790 3355 871 3419 duas
893 3356 1096 3440 addiderunt,
1119 3358 1163 3422 de
1186 3360 1307 3423 inter·

295 3442 452 3508 calando
471 3444 654 3526 populum
672 3463 843 3527 rogasse.
880 3441 1024 3510 casuve
1043 3446 1172 3510 eosdem
1193 3446 1307 3512 scribit

256 3534 449 3596 naucum.
497 3530 652 3597 Fvnvlvs
684 3535 793 3596 autem
826 3531 864 3596 id
897 3533 1024 3617 egisse
1055 3533 1108 3598 Μ’.
1136 3534 1306 3600 Acilium

365 3668 508 3723 ladictol
524 3664 559 3722 B
628 3668 846 3724 lltrmsbatur
863 3671 892 3725 P
957 3669 1176 3725 boelobrabsnt
1196 3671 1223 3724 P
1290 3678 1306 3725 ‘1

296 3739 491 3794 exrltlmsbant
510 3739 538 3793 P
603 3686 822 3794 eoelebmbant
841 3740 869 3793 P
932 3745 965 3794 10
983 3740 1091 3794 uentos
1105 3741 1133 3795 Β
1198 3747 1230 3795 18
1249 3740 1311 3796 drel'

296 3825 344 3865 oss.
358 3809 387 3863 P
435 3807 599 3864 habundare
613 3808 642 3862 P
695 3813 728 3862 14
747 3825 765 3862 a
782 3811 814 3863 in
833 3809 912 3865 saltos
926 3812 959 3864 ia
975 3826 1030 3864 ros.
1049 3812 1081 3864 in
1095 3811 1123 3864 P
1174 3815 1208 3864 lt
1222 3813 1307 3865 inter·

296 3879 438 3935 toleretur
451 3880 480 3934 P
533 3884 565 3935 16
580 3879 760 3934 rnterlrnlarrl
771 3880 835 3933 BP
889 3884 921 3934 17
936 3881 1110 3935 auerteretur
1119 3897 1142 3951 p
1199 3887 1231 3937 18
1246 3899 1306 3951 qur·

296 3951 359 4006 dam
378 3967 428 4006 om.
448 3947 482 4005 Β
569 3956 604 4005 20
623 3950 823 4006 ruterkalarem
843 3951 872 4005 P
952 3968 1043 4022 primo
1061 3951 1262 4006 interlalatum
1283 3954 1311 4007 P

297 4026 329 4075 22
347 4022 472 4077 ordinem
491 4021 520 4075 P
582 4027 616 4076 25
631 4021 812 4077 rntarkslalle
826 4023 855 4077 P
919 4028 953 4076 27
972 4022 1130 4077 tutrdrsnus
1140 4024 1173 4090 P,
1192 4023 1307 4077 tuendu-

297 4093 348 4145 nnl
362 4093 390 4146 Β
437 4096 491 4216 Bw
510 4091 608 4147 eodem
628 4091 663 4146 Β
733 4099 768 4148 30
787 4093 833 4151 M!
852 4092 974 4147 Acilium
993 4095 1110 4148 Ionius.-
1128 4110 1255 4147 marcum
1274 4095 1307 4161 P,

298 4164 420 4233 martrdl
