3322 5190
647 840 661 894 1
679 845 785 896 oo-ou
812 840 838 894 11
857 846 928 896 1-4
1227 842 1293 909 363

325 1000 410 1088 quod
434 999 484 1066 sol
506 1002 603 1086 utque
622 999 743 1066 imbres
763 1000 928 1084 dederuut,
950 998 1036 1087 quod
1055 1004 1144 1067 terre
1162 1008 1291 1070 crearet

326 1092 442 1174 sponte
465 1110 532 1173 suu,
554 1088 637 1153 sutis
655 1087 688 1152 id
710 1089 865 1173 pluoebet
887 1092 1023 1174 pectore
1041 1089 1170 1155 donum.

368 1210 449 1277 Post
471 1233 583 1277 uersus
607 1211 649 1276 sb
673 1211 746 1277 eliis
771 1212 822 1277 uel
845 1234 884 1277 ex
908 1212 1039 1298 integro
1063 1212 1116 1277 uel
1140 1234 1179 1278 ex
1197 1218 1292 1298 perte
1304 1214 1337 1281 11

282 1298 459 1366 treuslstos
491 1299 544 1366 uel
576 1300 735 1386 quaedam
763 1300 964 1366 immutando
992 1300 1094 1365 uerbo
1121 1302 1292 1387 tamquam

254 1388 356 1457 oiueo
387 1389 452 1457 elio
484 1390 603 1455 tinctos
635 1410 720 1453 nuno
752 1388 841 1455 locos
875 1389 956 1455 locis
990 1410 1170 1475 conponere
1203 1390 1294 1457 sedet

283 1479 405 1561 auimo,
435 1481 473 1544 ut
505 1477 588 1543 unde
619 1476 754 1542 formati
781 1477 860 1562 siut,
892 1477 986 1565 qussi
1014 1478 1053 1543 ds
1081 1478 1212 1563 speculo
1240 1501 1291 1545 oo-

282 1586 427 1652 gnosees.

325 1687 394 1756 Neo
417 1711 488 1755 sum
512 1688 611 1753 uuimi
635 1687 760 1774 dubius,
790 1688 899 1754 uerbis
923 1710 961 1755 ee
983 1688 1113 1755 uincere
1135 1694 1322 1777 maguum2

327 1799 422 1863 quom
446 1776 504 1859 sit,
532 1780 565 1842 et
588 1778 736 1864 augustis
758 1776 844 1842 huno
866 1776 983 1842 oddere
1006 1777 1104 1844 rebus
1126 1778 1291 1845 honorem.

245 1892 271 1932 ιο
328 1865 383 1931 sed
407 1887 459 1930 me
482 1864 634 1930 Parnassi
657 1866 785 1930 deserte
807 1887 865 1949 per
884 1863 984 1931 ardus
1007 1864 1110 1931 dulcis

326 1956 436 2038 reptet
458 1975 556 2036 umor,
578 1952 671 2018 iuuet
693 1953 740 2017 ire
764 1953 850 2038 iugis
873 1976 938 2039 quo
960 1953 1050 2018 uuile
1072 1955 1217 2038 priorum

325 2042 505 2111 Uestalium
529 2043 618 2108 molli
643 2041 821 2108 deuertitur
844 2041 952 2109 orbito
975 2041 1070 2108 oliuo.

281 2166 448 2232 Lucretius
471 2167 505 2231 iu
527 2168 633 2252 primo
1302 2173 1323 2238 3

325 2294 384 2337 neo
406 2293 458 2337 me
482 2271 582 2337 unimi
605 2271 693 2337 follit
715 2293 811 2356 qusm
836 2271 904 2337 sint
926 2271 1063 2337 obseura
1087 2272 1142 2337 sed
1166 2275 1233 2340 sori

242 2386 267 2427 us
324 2361 484 2447 percussit
506 2360 621 2446 thyrso
644 2360 749 2425 leudis
772 2382 846 2445 spes
872 2382 992 2447 magus
1014 2382 1121 2426 meum
1144 2384 1200 2427 eor

325 2454 358 2516 et
379 2451 477 2516 simul
499 2450 637 2516 incussit
660 2471 793 2514 suuuem
817 2449 862 2514 mi
886 2450 920 2515 iu
944 2452 1057 2535 peetus
1080 2473 1225 2518 umorem

323 2540 488 2607 Musarum
512 2561 576 2625 quo
599 2561 685 2604 nuno
708 2539 883 2604 instinctus
908 2544 1015 2605 mente
1039 2540 1163 2625 uigenti

325 2630 399 2695 suis
420 2627 581 2693 Pieridum
604 2648 743 2713 peragro
767 2629 838 2693 loou
861 2628 982 2694 nuliius
1006 2631 1081 2694 aute

324 2718 404 2783 tritu
426 2716 506 2783 solo.

240 2840 417 2924 eoueoipite
444 2847 477 2905 et
504 2841 642 2904 alterum
667 2839 775 2903 locum
798 2838 943 2904 Maronis
967 2838 1017 2903 illi
1040 2839 1125 2904 unde
1148 2842 1324 2908 traxerutd

283 2927 535 3012 conparandum,
562 2929 600 2990 ut
626 2924 763 2992 eundem
792 2928 933 2992 colorem
961 2948 999 2991 so
1026 2948 1129 3011 paens
1152 2928 1292 2994 similem

282 3037 397 3082 souum
421 3015 484 3081 loci
508 3014 675 3099 utriusqus
697 3015 849 3098 reperies.
896 3013 1060 3099 Vergilius

325 3139 353 3204 si
376 3161 443 3204 non
465 3139 631 3224 ingentem
655 3138 780 3204 foribus
804 3138 918 3204 domus
941 3138 1009 3203 eliu
1031 3138 1178 3223 superbis

326 3250 419 3293 msne
443 3227 644 3293 euiutuntum
668 3227 747 3293 totis
770 3227 874 3293 uomit
897 3228 1029 3293 sedibus
1052 3226 1174 3292 undum

243 3341 268 3384 2⁵
325 3337 383 3382 uso
406 3316 517 3382 uarios
540 3316 672 3381 inhiant
691 3315 827 3399 pulchre
849 3315 1013 3381 testudine
1036 3319 1156 3400 postes.

281 3444 314 3506 et
335 3462 411 3506 mox

325 3551 362 3614 ut
384 3568 497 3612 secure
520 3548 611 3632 quies
635 3552 668 3614 et
690 3547 800 3613 nescia
822 3546 937 3612 follere
960 3545 1031 3611 uitu

325 3636 417 3701 diues
440 3658 539 3721 opum
562 3636 727 3703 uerierum
751 3640 786 3700 at
809 3635 885 3700 letis
909 3635 976 3701 otiu
999 3635 1118 3721 fundis,

353 3792 413 3848 lV
431 3797 483 3847 937
556 3793 692 3862 SGeorg.
711 3791 751 3845 111
769 3795 822 3846 889
861 3794 925 3846 ,14
944 3790 957 3844 1
976 3796 1027 3846 922
1096 3796 1131 3845 28
1149 3790 1250 3863 Georg.
1268 3791 1295 3845 11

282 3866 332 3918 461
388 3868 421 3917 2⁷
441 3860 479 3917 ib,
498 3866 549 3917 467

354 4009 370 4058 o
394 4003 457 4059 iuoo
481 4003 509 4057 P
612 4008 629 4057 d
652 4002 730 4072 quoii
758 4020 777 4057 e
798 4001 910 4073 speculo
934 4002 1087 4075 cognosces
1105 4020 1148 4059 om
1172 4002 1208 4072 P,
1229 4003 1295 4058 odd.

285 4127 414 4183 camur.
489 4131 521 4180 ss
541 4127 645 4181 onom
664 4125 716 4191 P,
764 4130 797 4179 ιο
815 4125 902 4181 turso
921 4126 950 4181 Ρ
1015 4132 1048 4181 1e
1067 4091 1096 4178 is
1114 4125 1255 4196 mrpsour
1270 4125 1300 4180 1²

284 4203 384 4252 timu
403 4198 432 4251 P
484 4200 518 4250 28
537 4195 605 4270 ipius
620 4196 648 4250 P
