3442 5190
642 832 704 887 vm
723 837 811 888 a-re
839 832 918 888 vnn
937 838 1006 889 1-4
1265 832 1332 899 439

315 997 413 1081 uerit,
441 995 596 1062 maiorem
624 996 725 1061 sentit
752 995 909 1080 calorem,
940 1001 973 1061 et
1000 995 1121 1063 totiens
1150 1020 1234 1083 aqua
1262 998 1330 1064 urit

316 1086 470 1172 amplius,
507 1085 655 1171 quotiens
687 1106 792 1150 nouus
826 1085 854 1149 ei
888 1088 996 1150 motus
1029 1085 1241 1152 accesseritl'
1298 1091 1331 1153 et
1342 1089 1383 1154 13

315 1174 464 1242 Disarius
488 1172 625 1240 ‘calida'
653 1174 760 1258 inquit
782 1171 882 1258 ‘quae
911 1174 1095 1240 adhaeserit
1121 1178 1235 1241 nostro
1262 1197 1330 1241 eor-

314 1265 396 1352 pori,
419 1286 494 1330 mox
517 1264 652 1348 praebet
675 1266 799 1328 tactum
823 1262 873 1327 sui
896 1264 1160 1348 mansuetiorem,
1183 1265 1235 1329 uel
1255 1264 1331 1349 quia

288 1355 383 1421 acuti
406 1354 568 1436 adsueuit,
592 1353 645 1418 uel
669 1352 746 1439 quia
768 1352 872 1439 frigus
897 1353 1022 1438 accepit
1045 1377 1064 1418 a
1086 1354 1195 1439 nobis,
1219 1355 1328 1420 motus

315 1466 390 1510 uero
412 1465 529 1529 aquam
548 1465 666 1509 nouam
687 1465 814 1527 semper
833 1466 870 1509 ao
888 1465 1007 1508 nouam
1027 1444 1154 1530 corpori
1175 1443 1330 1530 applicat,

314 1539 348 1600 et
375 1536 523 1599 cessante
552 1532 779 1616 adsuetudine,
807 1531 845 1597 de
871 1555 936 1617 qua
959 1532 1056 1618 paulo
1081 1535 1156 1598 ante
1179 1533 1329 1618 diximus,

313 1645 441 1708 semper
463 1622 592 1687 nouitas
616 1624 715 1707 auget
737 1642 866 1687 sensum
891 1621 1031 1687 caloris?

406 1710 488 1777 ‘Gur
502 1709 596 1794 ergo'
610 1711 750 1776 Albinus
769 1711 877 1796 inquit
891 1709 979 1776 ‘curn
995 1732 1050 1775 aer
1064 1710 1188 1777 calidus
1203 1716 1329 1777 aestate
1341 1711 1383 1777 14

277 1826 304 1866 ιο
317 1800 420 1865 flabro
458 1804 620 1883 mouetur,
657 1821 723 1865 nou
761 1800 902 1865 calorem
941 1798 996 1865 sed
1030 1800 1134 1886 frigus
1167 1799 1330 1886 adquirit?

318 1889 430 1954 eadem
455 1890 540 1954 enim
559 1891 687 1954 ratione
707 1889 790 1953 etin
811 1888 873 1953 hoc
891 1888 1052 1954 feruorem
1072 1888 1203 1953 deberet
1221 1892 1330 1954 motus

318 1976 457 2065 augere?
497 1977 579 2043 ‘non
605 1976 716 2043 eadem
740 1977 842 2043 ratio’
861 1976 1009 2042 Disarius
1031 1977 1138 2062 inquit
1161 1976 1210 2041 ‘in
1229 1979 1386 2062 aquaelb

319 2070 352 2132 et
380 2067 463 2132 aeris
491 2068 607 2132 calore.
654 2067 710 2130 illa
739 2065 824 2130 enim
854 2066 998 2150 corporis
1022 2066 1184 2132 solidioris
1209 2069 1270 2151 est,
1298 2069 1333 2132 et

320 2177 431 2220 crassa
458 2156 610 2220 materies
638 2177 709 2219 cum
740 2156 902 2238 mouetur,
930 2156 1059 2239 integra
1082 2155 1113 2217 ui
1139 2177 1199 2218 sua
1222 2175 1333 2238 euper-

281 2268 306 2307 re
320 2245 441 2326 ficiem,
469 2244 519 2306 cui
549 2243 753 2324 admonetur,
780 2241 919 2323 inuadit,
948 2263 1002 2305 aer
1025 2245 1116 2305 motu
1139 2242 1172 2305 in
1196 2246 1330 2305 uentum

319 2332 459 2397 soluitur
488 2333 521 2396 et
543 2329 695 2415 liquidior
719 2352 753 2394 ao
776 2329 881 2395 iactus
906 2330 1032 2413 agitatu
1056 2329 1152 2394 ilatue
1177 2329 1329 2415 eflicitur3

319 2443 430 2505 porro,
466 2422 504 2483 ut
539 2419 634 2484 llatus
671 2418 751 2483 illud
784 2422 944 2504 remouet,
981 2418 1065 2504 quod
1100 2419 1328 2484 circumfusum

320 2511 416 2575 nobis
440 2513 519 2594 crat,
543 2511 744 2574 enatantem
768 2508 852 2574 ciruu
874 2530 934 2572 nos
959 2509 1055 2593 calor,
1079 2512 1204 2574 remoto
1228 2508 1329 2596 igitur

319 2622 377 2683 per
400 2600 512 2664 ilatum
538 2599 644 2662 calore
668 2603 779 2680 restat,
802 2601 839 2662 ut
861 2598 1020 2662 aduenam
1044 2620 1174 2663 sensum
1197 2598 1327 2683 frigoris

274 2711 301 2750 ro
314 2690 457 2772 praestet
479 2685 641 2772 agitatus?

403 2807 796 2892 InterpellatEuangelua
806 2813 996 2894 pergentem
1007 2807 1382 2874 consultationemVlllI

315 2900 349 2960 et
381 2895 569 2961 ‘exercebo’
603 2896 711 2979 inquit
743 2894 925 2960 ‘Disarium
958 2899 1121 2978 nostrum,
1158 2897 1184 2960 si
1217 2899 1329 2960 tamen

315 2985 448 3049 minutis
476 2984 542 3049 illia
571 2984 637 3048 siris
667 2988 700 3048 ct
728 2985 912 3049 rorantibus
941 2984 1205 3068 responsionibus
1237 2985 1329 3049 setis·

314 3074 412 3140 faciet
436 3074 626 3140 corraulenti.
673 3073 733 3154 dic,
758 3073 875 3158 lslisuri,
898 3095 955 3138 cur
979 3074 1033 3158 qui
1057 3074 1104 3137 ita
1128 3095 1163 3137 ae
1187 3075 1359 3158 uertunt,2

275 3169 352 3230 aaut
380 3186 475 3249 saepe
504 3165 536 3228 in
567 3164 678 3229 orbern
708 3166 855 3228 notentur
880 3167 913 3227 et
935 3163 1130 3249 uertiginem
1155 3161 1272 3247 capitis
1296 3165 1330 3229 et

315 3254 546 3320 obscuritatem
578 3254 748 3338 patiuntur
781 3253 961 3338 oculorum,
993 3256 1172 3337 postremo,
1204 3253 1232 3316 si
1259 3275 1330 3338 per·

315 3343 548 3427 seuerauerint,
574 3346 688 3422 ruunt,
712 3363 784 3407 cum
808 3340 917 3405 nullus
942 3342 1026 3406 alius
1051 3344 1158 3406 motus
1183 3341 1329 3427 corporis

315 3434 397 3499 hanc
420 3433 549 3519 ingerat
572 3427 838 3498 necessitatem?’

403 3520 455 3586 Ad
500 3521 580 3587 haec
621 3520 770 3585 Disarius
817 3516 970 3605 ‘septem’
1017 3518 1132 3602 inquit
1165 3517 1361 3605 ‘corporeid

275 3614 424 3676 romolus
454 3614 538 3676 sunt.
590 3613 647 3674 aut
674 3608 760 3673 enim
789 3608 914 3672 accedit
942 3607 1102 3691 priorsum
1131 3612 1189 3673 aut
1213 3613 1329 3674 retror-

315 3721 386 3763 sum
409 3698 540 3782 recedit,
564 3701 621 3762 aut
643 3697 677 3760 in
697 3697 862 3760 dexteram
882 3696 1051 3760 laeuamue
1070 3695 1250 3779 diuertitur,
1273 3699 1331 3760 aut

316 3808 444 3852 sursum
467 3787 651 3870 promouet,
680 3786 736 3847 aut
760 3783 910 3849 deorsum
935 3787 991 3847 aut
1015 3783 1222 3848 orbiculatim
1244 3787 1330 3847 rota-

315 3876 377 3939 tur.
424 3896 461 3937 ex
489 3873 541 3938 his
569 3874 693 3955 septem
721 3871 865 3935 motibus
894 3892 977 3935 unus
1001 3874 1129 3935 tantum
1153 3871 1186 3935 in
1210 3869 1362 3936 diuiuie4

316 3962 505 4045 corporibus
534 3960 712 4043 inuenitur,
741 3958 948 4042 splraeralem
976 3958 1061 4036 dico,
1089 3981 1153 4044 quo
1182 3962 1331 4024 mouetur

315 4077 528 4087 *αα-

347 4203 357 4257 l
376 4138 403 4258 ⁶0
416 4149 542 4257 'corpore
561 4132 589 4185 P
670 4136 704 4185 33
723 4129 818 4187 *unus
834 4131 861 4184 P
940 4135 974 4184 34
994 4130 1114 4200 spelalae
1133 4145 1203 4187 corr.
1221 4133 1253 4185 ia
1271 4129 1330 4200 spe-

316 4219 375 4258 raa
410 4219 441 4258 m
