3322 5190
694 887 747 944 v11
767 893 854 944 1-10
1215 889 1281 956 509

269 1048 310 1116 ad
328 1048 367 1114 L:
390 1052 424 1117 et
446 1048 531 1136 quod
554 1049 589 1115 in
612 1049 702 1117 eaelo
726 1053 777 1116 est
794 1071 815 1116 a
833 1049 861 1127 Q
880 1071 983 1135 usque
1001 1051 1037 1116 iu
1055 1048 1092 1137 P,
1116 1050 1184 1116 tale
1202 1049 1283 1119 iacit

268 1138 301 1204 in
329 1141 417 1205 terra
444 1140 485 1205 sb
508 1137 536 1204 L
563 1161 666 1225 usque
694 1138 734 1203 ad
758 1137 806 1204 M:
833 1137 992 1226 qualeque
1019 1140 1071 1204 est
1098 1137 1236 1225 desuper
1261 1162 1282 1206 a

268 1227 295 1292 P
322 1249 423 1314 usque
450 1228 491 1294 ed
515 1227 556 1312 0,
582 1229 649 1292 tale
676 1226 711 1293 in
737 1230 826 1294 terre
852 1229 894 1294 ab
918 1227 953 1292 M
979 1248 1082 1313 usque
1111 1226 1152 1294 ad
1175 1227 1219 1294 N:
1249 1231 1283 1294 et

269 1317 364 1400 quale
385 1316 454 1383 illic
477 1315 565 1383 abO
589 1338 691 1402 usque
714 1315 755 1380 ad
774 1313 810 1401 (l,
832 1315 899 1383 tele
920 1315 975 1382 hic
997 1319 1049 1382 est
1066 1316 1109 1382 ab
1127 1315 1160 1383 N
1179 1337 1281 1402 usque

241 1404 308 1470 sad
332 1405 367 1471 T.
413 1409 490 1471 sunt
512 1409 621 1472 autem
643 1406 678 1471 iu
703 1404 833 1472 aethere
855 1405 1078 1472 extremitates
1099 1405 1225 1489 ambae,
1246 1404 1311 1472 idd

269 1497 320 1560 cst
351 1517 370 1561 a
397 1494 428 1561 D
458 1517 560 1581 usque
588 1493 628 1561 ad
656 1494 700 1579 R,
731 1496 766 1559 et
792 1517 813 1561 a
839 1492 866 1561 Ο
892 1516 994 1581 usque
1022 1493 1064 1561 ad
1092 1493 1120 1560 0
1148 1497 1280 1562 aeterno
1378 1559 1380 1564 .

268 1584 377 1736 fidolo
406 1583 572 1738 densetae,
598 1584 671 1650 ideo
698 1583 734 1736 ἰᾶι
744 1586 847 1739 ilem
873 1583 1038 1688 idemest
1067 1582 1109 1737 lb
1132 1581 1155 1650 S
1178 1604 1281 1749 uosque

269 1693 287 1735 a
396 1693 413 1736 e
456 1695 475 1739 a
552 1693 701 1758 usquea
778 1721 785 1736 .
829 1693 1155 1738 rursusrnceeoa
1230 1693 1280 1738 us·

268 1779 331 1844 que
359 1759 399 1824 ad
423 1760 449 1824 P
477 1760 578 1827 nimio
606 1759 714 1826 calore
741 1760 859 1844 feruet,
887 1759 960 1826 ideo
983 1761 1017 1824 in
1040 1763 1129 1826 terra
1151 1781 1281 1846 quoque

230 1870 255 1911 ro
269 1848 310 1913 ab
329 1847 356 1912 h
379 1869 482 1934 usque
505 1848 546 1915 ad
564 1847 599 1914 hl
619 1848 703 1913 idem
721 1846 833 1914 feruor
850 1850 908 1914 est
944 1849 1021 1914 item
1040 1848 1171 1915 suntin
1189 1848 1280 1915 caelo

267 1936 440 2021 temperies
469 1936 510 2002 ab
538 1936 566 2003 0
593 1958 695 2022 usque
723 1934 813 2002 adP
840 1938 874 2002 et
901 1936 972 2014 so
1000 1937 1035 2002 in
1058 1934 1101 2020 R,
1127 1936 1201 2003 ideo
1226 1935 1281 2003 hic

268 2046 395 2109 quoque
423 2027 500 2090 sunt
526 2027 726 2110 temperatae
755 2025 797 2090 sb
823 2022 856 2090 N
882 2025 919 2089 in
941 2023 976 2088 M
1004 2027 1038 2089 et
1064 2025 1106 2091 ab
1131 2023 1157 2090 Is
1183 2025 1218 2090 in
1240 2023 1281 2109 K,

269 2114 515 2197 aequinoctialis
545 2113 631 2179 enim
659 2112 812 2197 circulus,
843 2113 899 2197 qui
927 2113 968 2178 ab
996 2112 1027 2178 A
1053 2134 1156 2198 usque
1184 2113 1224 2178 ad
1251 2112 1280 2178 B

268 2199 384 2265 ductus
407 2204 467 2286 est,
488 2201 630 2265 mediam
654 2205 743 2266 secat
764 2203 941 2286 perustem.
983 2203 1017 2265 et
1039 2200 1147 2283 ipsum
1170 2201 1310 2267 autem'l

230 2288 370 2353 rescisse
393 2286 592 2371 Ciceronem,
615 2287 700 2373 quod
723 2287 844 2354 terreni
867 2286 991 2372 cinguli
1013 2287 1208 2354 caelestibus
1232 2288 1279 2353 in·

269 2375 421 2441 ficiantur
444 2398 483 2442 ex
505 2375 614 2441 uerbis
637 2375 706 2441 eius
729 2375 919 2442 ostenditur.
964 2375 1012 2440 ait
1033 2375 1133 2441 enim:
1155 2396 1173 2441 e
1196 2375 1278 2460 qui·

269 2464 340 2529 bus
373 2462 468 2532 duos
500 2464 662 2531 maxime
694 2465 802 2530 inter
834 2485 872 2529 se
905 2463 1078 2530 diuersos
1111 2465 1149 2529 et
1180 2463 1279 2530 caeli

270 2553 486 2620 uerticibus
527 2554 623 2638 ipsis
665 2575 708 2619 ex
743 2555 906 2638 utraque
944 2555 1054 2638 parte
1091 2551 1278 2619 subnixos

272 2641 491 2729 obriguisse
509 2642 650 2729 pruina
667 2640 783 2708 uides.
819 2663 892 2708 ecoe
909 2644 1049 2707 testatur
1062 2640 1160 2706 finale
1173 2640 1278 2746 frigus

231 2751 258 2792 ro
272 2751 342 2795 esse
371 2730 410 2796 de
436 2731 536 2798 eaelo.
581 2730 666 2796 idem
694 2752 820 2817 quoque
848 2731 888 2796 de
915 2729 1042 2796 feruore
1070 2728 1177 2795 medio
1200 2729 1308 2800 dicitll

271 2817 434 2884 medium
458 2822 585 2885 autem
607 2820 716 2884 illum
740 2822 778 2883 et
799 2817 1002 2884 maximum
1026 2817 1124 2883 solis
1143 2818 1278 2884 ardore

270 2906 423 2971 torreri.
473 2929 546 2973 eum
576 2926 654 2991 ergo
686 2906 856 2972 manifeste
888 2909 922 2970 et
952 2906 1094 2992 rigorem
1125 2905 1165 2971 de
1196 2905 1279 2972 caeli

270 2994 448 3061 uerticibus
484 2997 518 3060 et
552 2995 714 3060 seruorum
752 2993 791 3059 de
827 2993 894 3060 sole
926 2994 960 3060 in
991 2999 1099 3060 terrae
1131 2992 1278 3079 cingulos

270 3083 380 3148 uenirc
404 3082 593 3168 signauerit,
618 3082 762 3150 ostendit
782 3082 872 3169 prius
895 3083 930 3148 in
954 3085 1041 3149 caelo
1063 3082 1124 3148 hos
1146 3081 1277 3149 eosdem

229 3192 255 3234 ss
270 3172 417 3258 cingulos
444 3174 637 3239 constitisse.
681 3194 767 3239 nuno
795 3172 949 3258 quoniam
975 3171 1124 3239 constitit
1148 3170 1309 3238 easdemll

269 3261 304 3325 in
331 3262 420 3327 caelo
444 3265 477 3327 et
502 3263 536 3328 in
559 3266 648 3328 terra
670 3284 766 3328 zonas
791 3283 861 3327 esse
884 3263 936 3327 uel
959 3260 1175 3347 cingulos-
1197 3259 1279 3327 haec

270 3349 355 3414 enim
387 3350 484 3416 unius
515 3350 561 3415 rei
591 3350 655 3415 duo
683 3353 759 3416 sunt
785 3350 920 3415 nomina
948 3385 986 3397 —
1015 3349 1082 3414 iam
1109 3346 1280 3413 dicendum

270 3441 332 3521 est,
361 3459 443 3521 quae
470 3459 569 3504 cause
595 3439 629 3503 iu
656 3437 787 3503 aethere
814 3436 899 3503 hanc
926 3437 1151 3504 diuersitatem
1179 3436 1280 3519 quali·

269 3526 347 3589 tatis
379 3525 508 3591 efficiat
557 3527 691 3611 perusta
722 3524 848 3590 duobus
878 3525 1013 3610 tropicis
1040 3523 1215 3608 clauditur,
1247 3523 1280 3588 id
1291 3525 1334 3589 10

228 3618 320 3677 coest
347 3613 418 3679 aG
445 3614 480 3679 in
503 3612 529 3678 P
557 3614 682 3679 aestiuo
710 3617 744 3679 et
770 3611 861 3679 abll
890 3613 923 3677 in
947 3613 974 3690 Q
1002 3611 1142 3678 hiemali.
1188 3612 1230 3678 ab
1253 3611 1280 3676 1⁴²

268 3705 376 3766 autem
404 3702 439 3766 in
465 3702 492 3766 P
520 3703 686 3768 zodiacum
714 3699 924 3767 describendo
953 3700 1174 3786 perduximus,
1201 3720 1280 3785 ergo

269 3789 397 3874 signum
428 3789 454 3854 P
485 3791 629 3876 tropicus
661 3790 716 3855 ille
743 3789 866 3856 Cancer
897 3788 1058 3854 habeatur
1090 3792 1124 3854 et
1151 3789 1280 3874 siguum

268 3877 294 3941 F
317 3876 542 3964 Capricornus.
587 3881 719 3947 constat
746 3879 869 3962 autem,
896 3877 998 3944 solem
1021 3897 1127 3962 neque
1151 3897 1280 3941 sursum

340 4110 354 4159 1
375 4105 416 4162 eit
433 4122 463 4162 sn
482 4106 561 4162 caelo
580 4105 621 4162 eit
638 4105 667 4162 B
750 4105 836 4178 usque
853 4103 876 4159 P
895 4105 923 4159 B
1003 4105 1072 4160 iecrt
1087 4063 1138 4158 B¹
1199 4107 1232 4157 12
1251 4103 1281 4155 0)

267 4174 571 4320 grorr.tgpo¹ci}63uebrl
585 4176 622 4233 Ρ
688 4183 721 4234 lt
742 4175 797 4232 duo
815 4175 844 4231 B
907 4181 940 4232 18
959 4174 1101 4231 lubmsxoi
1115 4179 1148 4232 ut
1164 4174 1223 4232 uid.
1243 4169 1287 4236 1²(
1328 4200 1346 4243 χ

323 4345 463 4389 Musaeum
1034 4338 1068 4390 89
