3322 5190
323 821 388 886 248
729 819 806 877 SA'l'.
824 818 922 874 LIBRI
942 819 965 873 V

324 985 461 1069 simplex
484 1005 543 1049 nec
566 1005 630 1048 una
653 989 770 1050 natura
793 989 851 1067 est,
874 984 930 1049 ssd
954 982 1007 1048 hic
1029 981 1102 1047 fluit
1119 986 1152 1047 et
1170 983 1337 1067 redundat,

325 1075 438 1139 contra
457 1071 512 1138 ille
531 1072 674 1138 breuiter
691 1077 724 1136 et
737 1072 923 1139 circumcise
937 1072 1043 1136 dicere
1058 1072 1209 1158 adfectat,
1228 1074 1336 1137 tenuis

324 1162 457 1250 quidam
489 1165 523 1226 et
556 1163 659 1227 siccus
687 1164 720 1227 et
747 1163 874 1229 sobrius
903 1166 993 1227 amat
1020 1163 1182 1247 quandam
1212 1162 1336 1227 dicendi

324 1253 563 1340 frugalitatem,
586 1252 670 1317 alius
693 1252 807 1337 pingui
831 1256 864 1316 et
886 1251 1050 1318 luculenta
1074 1257 1107 1317 et
1129 1252 1244 1316 florida
1267 1275 1336 1317 ora·

325 1344 414 1408 tione
442 1342 581 1407 lasciuit.
627 1341 660 1404 in
691 1363 755 1427 qua
782 1345 875 1406 tanta
902 1342 1045 1405 omnium
1072 1340 1364 1406 dissimilitudines

325 1453 408 1498 unus
431 1431 563 1496 omnino
587 1428 753 1513 Vergilius
776 1431 950 1514 inuenitur,
976 1430 1031 1514 qui
1054 1431 1273 1514 eloquentiam
1298 1453 1336 1494 ex

294 1520 414 1587 tiomni
438 1540 555 1604 genere
578 1517 788 1582 conflauerit?
830 1517 997 1600 respondit
1017 1519 1159 1582 Auienus
1179 1517 1336 1601 ‘apertius

325 1606 444 1672 uellem
472 1628 523 1671 me
550 1606 610 1670 has
634 1605 838 1670 diuersitates
862 1607 921 1671 sub
946 1627 1156 1690 personarum
1181 1606 1337 1688 exemplis

297 1693 479 1762 ldooeres’.
538 1694 704 1778 ‘quattuor
740 1692 829 1759 sunt'
866 1694 972 1778 inquit
1008 1693 1169 1759 Eusebius
1207 1693 1338 1779 ‘genera

326 1781 465 1848 dicendi:
493 1783 674 1865 copiosum,
704 1783 737 1846 in
764 1805 828 1867 quo
856 1781 969 1848 Cicero
997 1782 1196 1864 dominatur,
1229 1784 1337 1859 breue,
1355 1807 1379 1844 m

326 1871 360 1936 in
389 1893 452 1955 quo
476 1869 638 1936 Salustius
667 1876 796 1953 regnat,
824 1872 958 1953 siccum,
985 1872 1071 1955 quod
1100 1870 1255 1936 Frontoni
1284 1871 1338 1934 ad-

327 1959 491 2043 scribitur,
514 1959 635 2043 pingue
654 1963 687 2023 st
706 1958 865 2042 floridum,
889 1961 921 2023 in
941 1981 1005 2044 quo
1024 1959 1149 2024 Plinius
1170 1957 1338 2023 Secundus

327 2048 489 2133 qnondam
517 2051 550 2112 et
575 2069 663 2114 nuno
689 2047 779 2113 nullo
808 2052 953 2113 ueterum
983 2049 1088 2113 minor
1112 2052 1223 2112 noster
1245 2045 1337 2131 Sym·

327 2136 462 2203 mechus
493 2136 683 2204 luxuriatur.
734 2138 789 2202 sed
822 2137 906 2223 apud
936 2160 1033 2202 unum
1063 2137 1230 2202 Maronem
1259 2137 1338 2202 haec

296 2228 482 2311 8qusttu0r
517 2247 637 2311 genera
668 2228 838 2310 repperies.
892 2227 943 2291 uis
976 2226 1087 2292 audire
1119 2227 1213 2291 illum
1245 2230 1339 2292 tanta
1355 2253 1381 2292 rs

325 2315 487 2381 breuitate
506 2312 677 2392 dicentem,
696 2320 733 2378 ut
747 2315 848 2378 artari
863 2316 968 2400 magis
984 2319 1017 2379 et
1031 2314 1181 2379 contrahi
1194 2315 1339 2379 breuitas

325 2404 398 2489 ipsa
421 2425 486 2467 non
508 2403 636 2488 possit?

371 2530 404 2593 et
427 2548 570 2612 campos,
593 2527 647 2590 ubi
671 2526 771 2591 Troia
793 2526 867 2590 luit:

328 2673 401 2718 ecce
423 2651 630 2736 paucissimis
654 2651 762 2717 uerbis
786 2652 960 2715 maximam
983 2652 1151 2717 ciuitatem
1175 2651 1286 2718 hausit
1309 2656 1342 2716 et

297 2741 503 2824 9absorbsit,
527 2762 592 2805 non
616 2740 747 2825 reliquit
766 2741 814 2805 illi
835 2763 893 2806 nec
913 2741 1047 2806 ruinam.
1084 2742 1135 2806 uis
1154 2741 1216 2807 hoc
1235 2743 1340 2827 ipsum
1356 2771 1382 2809 ιο

328 2831 554 2916 copiosissime
578 2830 686 2896 dicat?

371 2958 463 3021 uenit
486 2978 614 3021 summa
636 2957 704 3020 dias
729 2960 762 3021 at
786 2956 992 3021 ineluctabile
1015 2960 1144 3039 tempus

373 3045 573 3110 Dardaniae:
596 3044 716 3109 snirnus
740 3044 851 3128 Troes,
876 3046 937 3108 luit
961 3044 1056 3109 Ilium
1081 3049 1113 3108 et
1136 3046 1250 3128 ingens

373 3136 478 3220 gloria
501 3134 707 3198 Teucrorum.
749 3133 837 3197 ferus
861 3134 972 3197 curnis
995 3133 1140 3216 Iuppiter
1165 3135 1273 3218 Argos

373 3223 558 3287 transtulit:
583 3223 713 3286 incensa
736 3221 841 3286 Danai
865 3223 1072 3286 dominantur
1096 3222 1130 3285 in
1153 3223 1241 3286 urbe.
1355 3252 1377 3289 a:

277 3316 318 3378 10
418 3312 445 3374 0
469 3312 590 3395 patria,
614 3332 632 3374 ο
657 3310 765 3374 diuum
789 3310 902 3374 domus
926 3309 1037 3390 Ilium,
1066 3315 1098 3374 et
1120 3310 1231 3375 inolita
1254 3311 1339 3374 bello

372 3401 500 3464 moenia
523 3398 758 3463 Dardanidum!

419 3488 498 3562 Quis
523 3487 646 3551 cladem
671 3487 758 3550 illius
782 3487 895 3565 noctis,
918 3488 989 3568 quis
1014 3487 1127 3551 funera
1152 3487 1250 3550 fando

374 3577 522 3659 srplicet,
546 3582 603 3640 aut
625 3575 766 3639 lacrimis
790 3575 895 3657 possit
918 3595 1054 3658 sequare
1079 3575 1247 3638 dolorem?

375 3662 452 3728 urbs
477 3664 612 3748 antiqua
635 3664 701 3726 ruit
724 3663 846 3726 multos
870 3661 1037 3727 dominata
1061 3683 1117 3746 per
1141 3685 1251 3728 anuos.
1355 3692 1382 3730 sn

401 3870 434 3918 18
455 3867 522 3919 Aen.
542 3864 579 3917 lll
601 3870 631 3916 ll
701 3870 735 3917 22
754 3864 792 3918 ib.
813 3865 836 3917 ll
857 3869 908 3917 324
977 3869 1010 3916 26
1029 3863 1066 3918 ib.
1087 3864 1112 3915 ll
1131 3870 1179 3917 241
1248 3870 1282 3918 28
1302 3864 1340 3919 ib.

326 4048 539 4058 ——-.-..-.0<-—--

400 4124 656 4179 lflondar'nros.
676 4125 707 4178 in
726 4123 754 4176 P
831 4128 861 4176 ιδ
882 4124 1047 4192 quatuorP
1120 4128 1152 4177 18
1171 4139 1271 4193 campo
1292 4122 1341 4177 snb

326 4199 401 4252 troia
420 4196 448 4250 P
464 4200 534 4268 323
553 4195 608 4250 lmt
625 4196 704 4250 rllurn
725 4197 752 4250 P
804 4201 836 4250 Ἦ
857 4211 951 4268 mpura
969 4196 997 4249 P
