3322 5190
383 854 449 918 422
760 853 836 910 SAT.
855 854 954 910 LIBRI
971 854 1023 910 llll

383 1037 443 1081 sna
474 1016 604 1099 desunt,
636 1037 732 1100 quae,
764 1037 835 1079 oum
865 1017 1009 1080 membra
1037 1016 1146 1080 omnia
1173 1017 1207 1079 in
1235 1037 1294 1080 sua
1322 1021 1398 1081 sunt

330 1101 374 1169 24
384 1105 534 1185 sanitate,
556 1125 614 1188 per
637 1103 780 1168 occultos
804 1109 1000 1168 euanesount
1023 1108 1156 1167 meatus.
1202 1104 1295 1188 siqua
1319 1126 1396 1169 uero

384 1214 461 1275 pars
489 1192 634 1275 eorporis
662 1195 843 1277 aegrescat,
872 1191 906 1256 in
933 1192 1038 1275 ipsam
1068 1191 1160 1276 quasi
1183 1190 1396 1256 infirmiorem

384 1281 503 1345 ultima
521 1279 586 1365 illa,
609 1301 690 1364 qnae
710 1280 848 1345 diximus
868 1280 1064 1362 retrimenta,
1086 1279 1250 1362 labuntur,
1268 1283 1302 1343 et
1321 1280 1397 1345 hino

383 1372 561 1434 naseuntur
592 1369 780 1435 morborum
812 1390 944 1453 causae,
976 1390 1059 1452 quae
1089 1367 1234 1452 ῥεύματα
1263 1368 1395 1434 medicis
1422 1395 1435 1436 r

330 1458 374 1526 25
384 1479 499 1523 uocare
518 1480 588 1523 mos
607 1462 665 1523 est.
699 1459 727 1523 si
747 1458 832 1522 enim
852 1457 949 1522 suerit
963 1457 1069 1522 ultimi
1084 1459 1151 1522 suoi
1165 1458 1251 1522 iusto
1266 1457 1397 1522 uberior

383 1545 570 1630 multitudo,
593 1547 678 1611 hane
701 1568 720 1610 a
744 1568 778 1611 se
802 1547 930 1630 repellit
953 1568 1027 1630 pars
1050 1545 1195 1630 eorporis
1218 1545 1291 1629 illa,
1314 1567 1396 1629 qnae

384 1636 494 1702 sanior
512 1638 572 1721 est,
589 1639 623 1700 et
642 1636 710 1699 sine
730 1635 829 1700 dubio
849 1635 968 1699 labitur
986 1635 1020 1698 in
1036 1635 1196 1699 infirmam
1212 1655 1294 1720 quae
1309 1634 1395 1699 uires

383 1745 450 1789 non
481 1724 583 1790 habet
609 1724 798 1808 repellendi,
831 1723 915 1789 unde
943 1724 1041 1788 alieni
1071 1724 1212 1809 receptio
1240 1723 1397 1789 distendit

383 1812 501 1897 locum,
515 1813 549 1878 in
564 1835 657 1898 quem
674 1812 832 1895 ceciderit,
847 1817 879 1877 et
892 1813 969 1878 hino
983 1817 1131 1878 creantur
1146 1812 1283 1878 dolores.
1316 1812 1396 1878 haee
1412 1840 1437 1878 ro

385 1904 436 1965 est
461 1921 537 1985 ergo
562 1901 680 1986 triplex
705 1923 802 1966 eausa
825 1901 876 1965 uel
900 1901 1064 1986 podagrae
1087 1901 1138 1965 uel
1162 1901 1334 1965 cuiuslibet
1357 1924 1396 1965 ex

386 1989 583 2055 confluentia
605 1990 710 2054 morbi
735 1989 767 2054 id
791 1993 841 2054 est
862 1990 1036 2055 multitudo
1060 1989 1216 2074 humoris,
1238 1989 1395 2055 fortitudo

332 2079 376 2145 26
385 2078 524 2144 membri
548 2102 567 2144 a
589 2102 623 2143 se
643 2080 831 2164 repellentis
851 2084 884 2145 et
902 2079 1086 2164 recipientis
1106 2080 1285 2145 infrunitae.
1323 2103 1395 2144 aum

384 2167 486 2255 igitur
500 2169 735 2233 adseruarimus
750 2172 903 2254 quattuor
918 2170 950 2233 iu
965 2191 1097 2253 corpore
1112 2168 1180 2232 fieri
1190 2169 1397 2254 digestiones,

385 2256 1438 2342 mmmmwMQQQMWmmmmmwmmmu

384 2346 550 2429 impedita,
564 2346 671 2411 nullus
686 2346 723 2409 lit
737 2346 903 2430 sequentis
918 2347 1057 2426 effectus,
1072 2367 1272 2410 recurremus
1288 2347 1398 2410 animo

385 2434 425 2498 ad
443 2434 534 2497 illam
554 2435 691 2516 primam
707 2432 931 2516 digestionem,
951 2434 1080 2517 quaein
1095 2438 1207 2496 uentre
1222 2434 1399 2514 conficitur,

385 2525 419 2585 et
435 2521 630 2603 inuenietur,
649 2520 725 2604 qnid
744 2521 967 2603 impedimenti
986 2542 1024 2583 ex
1039 2521 1232 2585 multiformi
1245 2525 1399 2585 nascatur

331 2608 547 2674 2'lalim0nia.
598 2608 800 2673 diuersorum
839 2609 924 2672 enim
952 2609 1098 2673 ciborum
1127 2608 1256 2673 diuersa
1282 2614 1398 2673 natura

387 2700 445 2779 est
468 2702 501 2762 et
525 2701 601 2762 eunt
624 2699 680 2782 qui
705 2698 849 2780 celerius,
872 2701 949 2761 sunt
971 2698 1025 2780 qui
1050 2697 1173 2761 tardius
1198 2698 1439 2781 digeruntur.ro

386 2809 457 2850 cunr
485 2807 562 2871 ergo
593 2788 698 2870 prima
727 2786 865 2870 digestio
895 2787 993 2849 uertit
1022 2787 1054 2849 in
1080 2809 1205 2868 sunnin,
1234 2787 1397 2870 quianon

386 2875 482 2940 simul
516 2877 625 2940 omnia
658 2879 789 2958 aeeepla
820 2880 1004 2959 uertuntur,
1037 2877 1121 2959 quod
1151 2877 1239 2959 prius
1268 2898 1397 2938 uersum

387 2970 444 3046 est,
470 2965 544 3027 dum
569 2967 633 3027 alin
658 2965 781 3027 tordius
807 2968 984 3043 uertuntur,
1009 2967 1137 3045 acescit,
1161 2969 1194 3026 et
1217 2965 1277 3026 lroo
1301 2986 1396 3044 saepe

333 3051 484 3114 28etiam
510 3052 684 3115 eructando
709 3053 875 3115 sentimus.
916 3053 981 3115 alia
1003 3074 1139 3134 quoque,
1163 3051 1279 3133 quibus
1304 3051 1397 3112 tarda

386 3138 524 3222 digestio
554 3144 615 3222 est,
644 3140 733 3203 uelut
761 3139 851 3223 ligna
880 3139 1025 3219 humida,
1054 3161 1136 3221 quae
1161 3141 1296 3221 urgente
1320 3138 1437 3220 igneas

387 3227 510 3294 fumum
548 3228 587 3292 de
625 3250 658 3292 se
696 3232 819 3310 areant,
852 3228 897 3293 sio
934 3234 967 3292 et
1005 3228 1061 3291 illa
1098 3228 1283 3291 imminente
1321 3226 1396 3310 igne

386 3322 520 3382 naturae
545 3319 678 3400 fumant,
704 3318 777 3381 dum
802 3319 923 3382 tardius
944 3323 1196 3401 concoquuntur,
1221 3317 1247 3380 si
1268 3316 1395 3401 quidem

334 3405 376 3469 29
388 3430 445 3472 neo
465 3409 526 3472 hoe
541 3431 669 3473 sensum
686 3409 861 3472 eructantis
878 3409 993 3472 euadit.
1032 3409 1121 3471 eilms
1137 3414 1243 3470 alitem
1260 3406 1396 3489 simplex

386 3519 451 3562 non
480 3498 580 3562 habet
609 3502 850 3562 controuersam
878 3520 1015 3579 moram,
1044 3497 1118 3559 dum
1145 3496 1239 3559 simul
1265 3497 1297 3558 in
1322 3496 1397 3558 sim-

386 3586 504 3667 plicem
524 3609 635 3650 sucum
656 3586 800 3666 uertitur,
819 3607 877 3648 nee
897 3586 1038 3671 digestio
1059 3585 1123 3649 ulla
1143 3587 1301 3667 turbatur,
1322 3585 1396 3647 dum
1411 3613 1438 3651 ao

388 3697 500 3740 omnes
529 3675 590 3739 sibi
618 3678 704 3739 stuta
728 3681 964 3739 momentorum
989 3674 1188 3738 dimensione
1212 3674 1397 3738 succedunt.

333 3762 1394 3849 ffimmmmmm-wmamfflnwmmmsmmfflm—

386 3853 529 3919 redonas
554 3854 612 3919 has
637 3854 827 3938 dedignetur
851 3853 973 3937 andire,
999 3854 1274 3934 aesurnanS,1rou
1298 3854 1397 3936 nupe-

459 4089 490 4136 10
511 4085 557 4137 hro
574 4080 612 4135 P'
665 4089 696 4134 ll
718 4100 752 4136 ex
767 4082 935 4136 confluentia
950 4112 982 4121 -
1000 4088 1031 4134 12
1048 4081 1198 4134 multitudo
1214 4097 1262 4134 ool.
1281 4081 1314 4147 P,
1333 4081 1396 4134 odd.

386 4155 517 4209 Cantaba
624 4160 655 4208 17
681 4152 1058 4221 destrgeltroneutuid.1’‘
1165 4156 1198 4204 25
1217 4152 1353 4219 urguente
1375 4150 1402 4202 P

385 4228 419 4277 26
439 4241 502 4293 igne
523 4241 574 4280 om.
594 4219 631 4278 P'
687 4231 720 4278 29
740 4222 939 4297 oonltrouerlra
960 4219 997 4275 P'
1055 4229 1086 4276 sl
1108 4221 1290 4276 succeduntur
1309 4221 1336 4274 P
