3322 5190
335 771 376 836 18
722 769 800 826 SA'P.
819 768 916 824 LIBRI
935 769 948 823 l

336 955 395 1019 pro
424 955 461 999 eo
490 931 679 1018 dicitquod
702 933 842 998 nudius
871 935 1032 1017 quartus
1058 915 1128 998 nos
1152 931 1288 999 dicimus
1316 934 1350 998 iu

333 1022 386 1088 his
408 1021 557 1088 uersibus

421 1166 524 1229 nuper
546 1144 597 1210 die
621 1147 748 1230 quarto,
771 1148 808 1210 ut
829 1143 989 1229 recordor,
1012 1146 1155 1209 atcerte

422 1233 590 1318 aquarium
614 1255 746 1299 urceum
769 1233 898 1298 unicum
922 1232 1011 1296 domi
1033 1231 1141 1318 fregit.

332 1359 396 1425 hoc
415 1358 515 1442 igitur
530 1358 678 1422 intererit
699 1359 738 1421 ut
754 1356 815 1421 die
835 1362 973 1440 quarto
997 1356 1126 1440 quidem
1145 1356 1184 1421 da
1203 1361 1347 1440 praetcr-
1377 1370 1390 1410 ⁶

280 1443 380 1511 auito
404 1446 559 1527 dieamus,
582 1445 785 1529 diequarte
809 1449 917 1508 autam
940 1443 979 1508 de
1002 1443 1121 1508 futuro.
1169 1466 1283 1509 uerum
1306 1467 1349 1508 ne

334 1534 373 1599 de
406 1532 633 1615 dieerastini
665 1533 749 1597 nihil
786 1531 953 1595 rettulisse
985 1533 1167 1614 uideamur,
1201 1534 1349 1616 suppetit

333 1619 542 1686 Oramsnvn
565 1619 646 1684 illud
670 1641 709 1684 ex
733 1617 1267 1685 libr0H1a'r0n1anvrcSacvano
1293 1621 1347 1685 si·

334 1709 419 1793 quis
448 1707 541 1772 mihi
570 1707 786 1791 equitatum
814 1707 923 1771 daret
946 1710 984 1770 et
1006 1708 1090 1790 ipse
1114 1729 1195 1771 cum
1218 1713 1348 1772 cetero

334 1795 508 1861 exercitu
537 1816 593 1858 ma
625 1795 733 1878 sequi
761 1794 883 1876 uoles,
911 1793 1104 1877 diequinti
1131 1793 1274 1859 Romae
1307 1797 1347 1859 in
1364 1808 1389 1848 ¹⁰

280 1881 532 1968 260apitolio
556 1882 700 1946 curabo
725 1881 798 1945 tibi
822 1902 952 1945 cenam
975 1879 1144 1946 coctam?
1180 1881 1235 1946 hic
1253 1879 1350 1966 Sym-

335 1971 470 2038 machus
494 1967 635 2034 ‘anlius
658 1968 745 2035 tuus’
768 1969 875 2054 inquit
896 1968 941 2034 ‘et
964 1970 1134 2035 historiam
1158 1974 1192 2034 et
1210 1971 1348 2036 uerbum

335 2084 374 2128 ex
405 2058 614 2127 Onlulrunvs
642 2058 685 2125 M.
715 2057 868 2126 Ga'ronls
897 2061 1033 2146 accepit,
1063 2060 1148 2146 apud
1176 2083 1271 2147 quern
1301 2061 1349 2127 ita

335 2152 494 2236 scriptum
510 2154 560 2215 eat
574 2150 696 2235 igitur
711 2151 944 2215 dictatorem
959 2149 1347 2236 Carthaginiensium

335 2240 522 2326 magister
540 2239 712 2322 equitum
728 2239 890 2303 monuit:
904 2239 1015 2302 mitta
1031 2261 1174 2304 mecum
1189 2239 1346 2305 Romam
1363 2251 1389 2292 1⁶

336 2328 533 2412 equitatum:
553 2326 743 2409 diequinti
762 2327 799 2390 in
818 2324 1016 2409 Capitolio
1035 2326 1108 2390 tibi
1127 2348 1220 2391 cena
1239 2333 1349 2393 cocta

280 2413 418 2481 cuerit:
464 2419 498 2478 et
520 2414 748 2478 Praetextatus
773 2413 925 2478 ‘aestimo
953 2436 1019 2478 non
1042 2413 1122 2478 nihil
1151 2415 1191 2479 ad
1219 2415 1348 2480 demon-

333 2501 501 2568 strandam
537 2502 802 2567 consuetudinem
838 2506 984 2566 ueterum
1021 2502 1122 2567 etiam
1153 2520 1348 2570 rnauuouls

333 2591 434 2655 uerba
457 2588 603 2654 conferre
627 2588 744 2672 quibus
766 2610 855 2653 mora
878 2589 1038 2654 maiorum
1057 2589 1156 2654 ferias
1180 2592 1349 2675 concipere

334 2678 432 2763 solet,
455 2699 538 2762 quae
562 2677 770 2761 appellantur
798 2676 1025 2744 Conclusam
1074 2700 1113 2743 ea
1140 2678 1239 2744 uerba
1265 2678 1347 2745 haec
1362 2691 1389 2734 ²⁰

334 2774 411 2832 sunt
440 2766 596 2832 dianoni
621 2766 763 2850 populo
792 2765 960 2831 Romano
988 2765 1215 2842 Quiritibus
1239 2765 1347 2833 Com·

334 2856 478 2942 pitalia
502 2859 622 2919 erunt.

293 2939 325 3007 V
424 2945 508 3008 Tum
537 2944 682 3007 Auienus
711 2943 870 3026 aspiciens
898 2942 1048 3009 Seruium
1071 2944 1212 3010 ‘Curius'
1240 2945 1349 3029 inquit

333 3031 379 3097 ‘et
410 3031 578 3096 Fabricius
607 3035 641 3095 et
667 3027 903 3117 Coruncanius,
937 3033 1157 3116 antiquissimi
1190 3033 1266 3118 uiri,
1294 3036 1346 3099 uel

333 3120 432 3186 etiarn
455 3119 507 3184 his
531 3118 729 3202 antiquiores
758 3118 887 3185 Horatii
915 3120 965 3185 illi
994 3122 1161 3206 trigemini
1184 3123 1279 3207 plane
1307 3145 1346 3189 ae
1361 3135 1387 3175 2⁶

333 3207 472 3273 dilucide
504 3229 578 3274 cum
606 3209 673 3272 suis
702 3208 839 3272 fabulati
868 3213 956 3274 sunt:
985 3232 1090 3294 neque
1117 3210 1345 3277 Auruncorum

334 3301 392 3362 aut
420 3294 610 3361 Sicanorum
639 3301 697 3361 aut
718 3296 943 3383 Pelasgorum,
967 3299 1022 3382 qui
1050 3299 1146 3383 primi
1174 3300 1345 3365 incoluisse

405 3477 437 3526 13
458 3490 483 3541 p.
503 3477 536 3524 21
557 3470 657 3524 lordan

332 3571 545 3580 ——.-.-

402 3636 576 3698 taqoarum
596 3626 631 3682 Β
694 3634 770 3683 ororii
791 3631 945 3696 Rostrum
965 3632 1001 3697 Β,
1020 3633 1165 3685 urteurut
1228 3650 1341 3687 unicum

332 3717 383 3758 orn.
405 3701 433 3755 P
485 3702 555 3755 ‘Ide
574 3700 621 3754 ‹lro
639 3700 721 3754 BP’:
742 3700 788 3753 dre
806 3701 835 3754 P
886 3700 1004 3755 rtcuhtio
1022 3703 1051 3756 Β
1103 3700 1295 3757 trochaeum
1315 3705 1342 3757 Β

332 3771 483 3826 tdach
565 3776 597 3824 10
616 3772 696 3824 uoles
710 3771 773 3826 add.
793 3772 833 3824 1²¹
909 3771 1094 3841 drequrntcB
1173 3779 1202 3827 11
1224 3782 1294 3857 cpna
1309 3776 1343 3842 1²,

332 3850 421 3897 caena
440 3843 468 3896 Β
534 3849 565 3895 12
584 3841 691 3896 coenus
704 3842 766 3895 ΒΡ
822 3844 935 3898 uer-hir*
955 3844 1092 3909 (dimotum
1110 3845 1173 3897 odd.
1194 3845 1219 3908 t,
1237 3863 1269 3899 111
1286 3863 1341 3900 ras.

332 3915 390 3970 uid.
408 3916 495 3982 fuisse
512 3915 537 3983 a)
556 3913 583 3965 Β
646 3930 732 3967 maror
752 3913 811 3966 ΒΡ
874 3920 907 3967 14
925 3914 1167 3981 cartogrnranhom
1187 3915 1246 3968 BP
1310 3922 1343 3970 16

332 3984 502 4071 1111101111)
553 4000 640 4038 caena
659 3984 695 4051 Β,
713 3998 801 4069 coenq
819 3985 847 4039 P
898 3990 931 4038 21
948 4003 981 4054 pr
995 3988 1068 4054 (prm
1085 3985 1343 4086 populoRomuno)

333 4055 371 4111 P:
392 4055 483 4126 pelta
500 4055 529 4109 Β
582 4061 617 4110 14
631 4053 751 4109 subieras
761 4054 788 4107 P
849 4055 1047 4110 corruncanrus
1057 4055 1084 4109 P
1098 4099 1104 4124 ‚
1119 4057 1304 4111 coruncanius
1317 4059 1345 4112 P

332 4131 366 4184 2⁶
385 4144 447 4182 rum
465 4126 523 4181 rurs
537 4122 572 4181 Ρ
627 4132 660 4182 27
680 4125 823 4182 incoluiffe
841 4127 952 4197 scripsi:
971 4126 1084 4182 colurna
1103 4143 1132 4182 m
1151 4127 1211 4182 BP
