3322 5190
410 827 476 892 466
784 827 860 883 ΕΔΤ.
880 826 978 882 LIBRI
998 826 1049 881 Vll

411 989 567 1073 temperie
605 989 715 1054 mollis
748 991 855 1054 uentri
888 989 1072 1055 inserendus
1110 991 1168 1072 sit,
1199 1013 1330 1057 neeesse
1363 997 1425 1076 est,

413 1077 547 1143 eandem
562 1078 648 1142 uiam
663 1078 821 1143 ambobus
837 1085 956 1162 patere,
974 1078 1114 1144 utribus
1129 1083 1208 1163 potu
1222 1083 1423 1163 temperatus

413 1188 471 1253 per
494 1166 696 1232 stomachum
719 1167 754 1231 in
778 1174 891 1232 uentre
914 1167 1085 1251 condatur,
1107 1189 1167 1233 uee
1189 1167 1283 1232 aliter
1307 1173 1425 1233 nature

383 1254 623 1341 ileonpoueret,
645 1255 710 1320 nisi
734 1255 819 1340 quod
843 1256 986 1321 salutare
1008 1260 1095 1320 esset
1122 1255 1265 1321 animali.
1311 1254 1425 1321 deinde

415 1367 487 1411 eum
507 1344 617 1429 pulmo
641 1349 674 1409 et
693 1344 816 1410 solidus
839 1350 872 1410 et
890 1345 1051 1430 leutgatus
1075 1345 1128 1427 sit,
1151 1345 1258 1430 siquid
1282 1346 1425 1431 spissum
1452 1363 1466 1403 e

414 1435 450 1499 in
481 1434 588 1518 ipsum
621 1433 787 1514 deciderit,
819 1456 914 1518 quem
949 1435 989 1498 ad
1022 1434 1152 1498 modum
1186 1438 1337 1518 penetrat
1368 1440 1426 1500 eut

415 1522 595 1586 transmitti
623 1525 731 1605 potest
759 1521 799 1586 ad
827 1523 934 1586 loeum
957 1521 1160 1606 digestionis,
1187 1544 1260 1587 oum
1291 1527 1427 1604 constet,

416 1609 574 1694 siquando
607 1631 684 1675 eaeu
718 1609 839 1692 aliquid
876 1609 974 1692 paulo
1007 1608 1137 1673 densius
1172 1609 1205 1673 in
1239 1611 1426 1693 pulmonem

418 1696 573 1762 uiolentia
597 1696 728 1781 spiritus
749 1696 898 1762 trahente
921 1697 1082 1780 deciderit,
1105 1718 1181 1761 mox
1199 1700 1289 1763 nasei
1310 1697 1428 1763 tuesim

417 1786 515 1850 nimie
542 1807 690 1868 asperum
718 1791 752 1850 et
778 1785 859 1850 alias
883 1787 1105 1870 quassatione·
1132 1808 1233 1869 neque
1260 1787 1300 1851 ad
1333 1809 1428 1851 uexa—
1445 1805 1470 1844 ιο

367 1873 542 1940 10tionem
579 1873 715 1939 salutis?
765 1874 792 1939 ei
817 1878 924 1938 autem
960 1875 1119 1939 naturalis
1155 1874 1210 1939 uia
1245 1879 1358 1960 potum
1394 1874 1429 1937 iu

420 1963 606 2048 pulmonem
629 1962 782 2044 traheret,
805 1985 877 2028 eum
901 1964 1070 2048 poculenta
1093 1963 1257 2047 bibuntur,
1280 1963 1332 2028 uel
1356 1985 1429 2029 eum

422 2053 569 2116 hauritur
603 2060 699 2136 potue
736 2053 896 2117 admixtus
933 2053 1057 2138 granis,
1093 2074 1149 2117 eeu
1186 2074 1223 2116 ex
1257 2075 1290 2117 re
1320 2053 1431 2136 alique

371 2140 587 2221 lldensiore,
615 2141 690 2225 quid
724 2141 775 2206 his
803 2141 940 2226 sumptis
972 2142 1083 2226 pulmo
1111 2143 1296 2226 poteretur?
1348 2142 1431 2206 uude

421 2228 611 2313 ἐπτγλωττίς
643 2253 663 2294 a
694 2236 812 2295 nutura
843 2230 975 2313 prouisa
1011 2238 1075 2311 eet,
1111 2252 1192 2313 quoe
1230 2252 1302 2294 euru
1339 2231 1431 2294 cibus
1447 2248 1472 2288 ra

421 2319 569 2401 sumitur,
593 2319 793 2402 operimento
817 2319 860 2381 ait
882 2319 1029 2401 arteriae,
1050 2317 1167 2401 nequid
1191 2339 1248 2401 per
1270 2319 1373 2401 ipsam
1397 2319 1432 2381 iu

421 2407 608 2490 pulmonem
637 2406 753 2489 spiritu
782 2407 902 2488 passim
925 2406 1075 2470 trahente
1102 2405 1240 2469 labatur.
1286 2408 1371 2471 sieut
1399 2411 1433 2470 et

422 2515 495 2559 eum
519 2515 626 2557 sermo
650 2493 845 2557 emittendus
869 2498 932 2574 est,
960 2492 1134 2558 inelinatur
1162 2492 1201 2556 ad
1226 2493 1433 2576 operiendam

372 2580 583 2647 l2stomaehi
602 2581 700 2664 uiam,
719 2585 755 2646 ut
773 2579 934 2666 ἀρτηρίαν
954 2582 1025 2646 uoei
1045 2586 1155 2664 patere
1170 2581 1348 2664 permittat.
1384 2585 1436 2644 eet

423 2674 457 2735 et
477 2669 540 2734 hoe
558 2669 596 2733 de
615 2669 813 2752 experientia
836 2675 959 2746 notum,
982 2669 1067 2752 quod
1087 2670 1141 2752 qui
1161 2670 1280 2732 sensim
1299 2669 1476 2733 trahente

423 2765 546 2842 potum,
569 2765 699 2823 uentres
723 2758 845 2822 hebent
863 2757 1087 2840 humectiores,
1111 2759 1254 2835 humore,
1278 2758 1331 2841 qui
1356 2781 1433 2841 pau-

424 2849 515 2913 latim
551 2851 699 2933 sumplus
728 2853 790 2930 est,
819 2848 938 2911 diutius
968 2852 1190 2931 permanente,
1223 2847 1324 2931 siquis
1357 2869 1434 2911 uero

425 2939 550 3002 auidius
579 2939 738 3016 hauserit,
761 2938 878 3002 humor
902 2937 1014 3000 eodem
1039 2938 1174 3019 impetu,
1199 2958 1260 3019 quo
1285 2936 1435 3017 trahitur,

425 3027 582 3109 praeterit
610 3029 642 3089 in
672 3027 826 3106 uesicam,
855 3032 887 3087 et
910 3027 1036 3089 eieeiori
1066 3027 1136 3088 ribo
1165 3027 1314 3107 prouenit
1342 3026 1435 3089 tarde

426 3116 574 3197 digestio.
627 3115 706 3177 haee
735 3121 841 3177 autem
871 3114 1052 3176 differentia
1083 3135 1148 3176 non
1179 3118 1378 3192 nasceretur,
1406 3112 1476 3175 sire

375 3202 445 3264 l3a
470 3204 627 3286 principio
656 3203 717 3265 eibi
748 3207 780 3265 et
804 3206 899 3285 potus
924 3202 1018 3265 diuisi
1043 3204 1150 3264 essent
1173 3204 1305 3264 meatus.
1351 3200 1435 3283 quod

430 3297 537 3354 autem
561 3291 699 3354 Alcaeus
723 3294 820 3373 poeta
843 3291 925 3353 dixit
949 3295 981 3353 et
1004 3290 1103 3372 uulgo
1128 3290 1254 3353 canitur

495 3420 575 3500 οἴνῳ
599 3414 771 3496 πνεύμονα
794 3412 899 3495 τέγγε,
923 3416 960 3476 τὸ
984 3414 1046 3497 γὰρ
1070 3414 1192 3496 ἄστρον
1215 3410 1436 3495 περιτέλλεται

428 3537 498 3601 ideo
523 3536 643 3600 dietum
668 3541 730 3619 est,
758 3539 837 3621 quia
859 3537 970 3619 pulmo
995 3560 1029 3599 re
1054 3558 1130 3599 uera
1153 3537 1271 3619 gaudet
1293 3536 1438 3617 humore,

429 3625 483 3687 ned
512 3625 613 3688 trahit
636 3631 791 3708 quantum
815 3624 877 3688 sihi
902 3626 1054 3688 aestimat
1076 3624 1298 3688 necessarium.
1345 3623 1435 3687 uides
1452 3643 1478 3680 m

429 3743 480 3749 ....--
499 3743 513 3747 η
535 3741 641 3749 ...η-

501 3814 534 3861 28
554 3808 585 3862 tr.
606 3813 649 3875 80,
670 3826 695 3876 p.
716 3813 766 3862 163
785 3807 911 3877 (Berghii
929 3812 1030 3877 poetae
1049 3807 1099 3877 lyr.
1118 3808 1164 3860 Gr.
1185 3807 1227 3860 ed.
1246 3810 1273 3875 l)

502 3975 648 4030 remmus
664 3977 691 4029 P
780 3982 811 4028 12
830 3977 945 4045 polenta
970 3978 1000 4042 P,
1026 3976 1173 4045 poculenta
1194 3975 1439 4042 cantabr-ipimus,

429 4046 589 4116 pultulenta
609 4048 712 4101 Iurrr‘ue
792 4053 822 4101 13
842 4048 975 4101 admrrtrl'
991 4048 1017 4100 P
1088 4048 1132 4103 l'eu
1151 4063 1200 4100 our.
1220 4046 1248 4098 P
1319 4052 1350 4097 lt>
1371 4046 1439 4099 ΕΠΙ-

430 4118 565 4172 t'lltlll'l(
584 4119 612 4170 P
666 4125 697 4172 17
717 4117 804 4187 pallio
823 4119 851 4171 P
902 4124 935 4172 27
956 4118 1050 4171 alceus
1060 4119 1088 4170 P
1139 4122 1172 4169 28
1186 4118 1267 4182 τέγγε
1282 4118 1440 4182 πνεύμονα(

429 4190 498 4258 οἴνῳ
517 4189 654 4258 Berplirrs
711 4191 789 4243 OlNO
809 4188 836 4241 P
886 4189 1130 4242 ΠΕΡΠΕΛΛΕΤΛΙΙ
1150 4189 1176 4242 P
