3322 5190
691 813 742 869 Vll
762 818 868 869 10-10
1223 814 1287 879 157

264 975 386 1062 pulum
414 997 517 1062 iisque
544 975 584 1041 ad
609 974 816 1061 aequalitatis
839 976 1082 1042 contentionem
1107 974 1289 1042 eruditione

265 1065 432 1150 prouexit
484 1065 624 1150 populus
657 1064 773 1130 deinde
804 1064 891 1131 inter
925 1066 1095 1150 utriusque
1128 1064 1342 1151 suffraginis

266 1154 396 1218 diuisus
419 1156 480 1236 est,
502 1159 535 1219 et
557 1176 629 1220 cnm
653 1153 815 1219 canticum
862 1153 1000 1219 uoddam
1019 1154 1157 1218 saltaret
1175 1152 1289 1238 Hylae,

267 1241 364 1307 onius
383 1242 528 1307 clausula
550 1245 620 1308 crat
641 1243 702 1307 τὸν
723 1239 830 1327 μέγαν
853 1239 1090 1326 Αγαμέμνονα,
1116 1240 1289 1307 sublimem

219 1364 244 1404 ς
269 1331 500 1415 ingentemque
518 1329 621 1415 Hylas
645 1331 736 1395 uelut
759 1330 963 1395 metiebatur.
1005 1352 1070 1395 non
1095 1330 1174 1395 tulit
1195 1328 1289 1414 Pyla·

272 1417 341 1502 des,
363 1423 397 1484 et
415 1419 612 1486 exclamauit
630 1441 647 1484 e
666 1440 766 1485 cauea
785 1421 826 1484 σὺ
845 1421 973 1506 μακρὸν
993 1418 1033 1485 οὐ
1052 1417 1158 1504 μέγαν
1173 1428 1289 1496 ποιεῖς.

271 1511 353 1573 tunc
375 1530 448 1572 euni
472 1510 610 1594 populus
635 1509 742 1594 coegit
765 1509 849 1574 idem
870 1512 987 1574 saltare
1005 1509 1177 1593 canticum,
1201 1529 1287 1574 cuin·
1300 1505 1344 1573 14

273 1619 337 1682 qne
361 1597 401 1663 ad
424 1597 531 1663 locum
553 1598 706 1677 uenisset,
729 1620 824 1684 quem
844 1598 1105 1685 reprehenderat,
1129 1597 1290 1683 expressit

277 1687 489 1772 cogitantem,
516 1687 599 1753 nihil
627 1687 732 1773 magis
761 1691 853 1754 ratus
877 1709 996 1774 magno
1021 1687 1094 1752 duci
1117 1685 1290 1752 conuenire

209 1804 253 1845 ιο
278 1797 374 1861 qiam
404 1798 465 1862 pro
499 1777 649 1842 omnibns
682 1777 836 1864 cogitare.
887 1777 1031 1844 saltabat
1062 1775 1167 1861 Hylas
1197 1774 1290 1841 Oedi·
1301 1772 1344 1841 15

276 1865 407 1950 podem,
443 1869 477 1930 et
508 1867 647 1951 Pylades
684 1867 746 1932 hac
782 1888 862 1933 uoce
899 1867 1106 1933 securitatem
1139 1864 1290 1931 saltantis

278 1954 450 2040 castiganit
478 1956 520 2020 σὺ
547 1950 687 2038 βλέπεις.
737 1976 810 2020 cuin
835 1956 869 2019 in
895 1954 1035 2020 Hercule
1062 1955 1191 2019 furente
1217 1975 1290 2037 pro·
1303 1950 1344 2018 16

280 2041 391 2127 disset,
416 2047 449 2107 et
470 2065 535 2109 non
559 2045 657 2109 nullis
680 2045 843 2109 incessum
867 2043 1020 2108 histrioni
1044 2042 1291 2108 conuenientem

283 2149 344 2193 nou
368 2151 498 2195 seruare
525 2131 703 2212 uideretur,
730 2131 880 2216 deposita
907 2153 1046 2214 persons
1072 2130 1214 2195 ridentes
1243 2129 1290 2193 in·

219 2242 258 2283 is
285 2219 403 2302 crepuit
429 2222 551 2303 μωροί,
578 2222 782 2304 μαινόμενον
810 2219 983 2305 ὀρχοῦμαι.
1028 2218 1091 2284 hac
1117 2218 1231 2282 fabula
1258 2216 1343 2281 etl‘l

287 2305 416 2388 sagittas
447 2306 526 2371 iecit
556 2307 590 2370 iii
621 2308 788 2390 populum.
843 2307 979 2371 eandem
1013 2327 1185 2391 personam
1218 2325 1290 2369 cuin

287 2391 370 2457 iussn
394 2394 534 2478 Augusti
558 2395 592 2459 in
615 2395 757 2460 triclinio
781 2399 893 2480 ageret
916 2399 950 2459 ct
971 2393 1111 2460 intendit
1129 2415 1238 2458 arcum
1258 2395 1292 2457 et

292 2482 407 2567 spicula
429 2483 564 2550 inmisit
604 2506 663 2551 nec
686 2484 872 2572 indignatus
896 2487 947 2550 est
969 2483 1099 2567 Caesar,
1121 2481 1234 2547 eodeni
1256 2502 1292 2546 se

295 2570 356 2637 loco
373 2572 499 2658 Pyladi,
517 2596 581 2660 qno
600 2575 755 2659 populum
775 2572 967 2655 ltomanum,
989 2574 1098 2639 fuisse.
1135 2572 1197 2655 hic,
1216 2569 1345 2656 quiald

232 2681 273 2723 aa
295 2659 447 2728 terebatur
474 2666 617 2730 mutasse
639 2664 727 2729 rudis
750 2663 837 2730 illius
861 2663 1045 2730 saltationis
1068 2663 1180 2745 ritum,
1209 2682 1293 2746 quae

295 2751 366 2832 apud
385 2751 526 2818 maiores
545 2752 659 2836 uiguit,
679 2758 713 2818 et
730 2756 900 2818 uenustain
919 2752 1085 2818 induxisse
1102 2753 1294 2833 nouitatem,

295 2836 501 2992 immffzm
530 2840 572 2905 ab
595 2841 760 2926 Augusto,
788 2864 870 2927 quae
899 2841 1067 2907 saltationi
1090 2838 1294 2922 contulisset,

294 2944 397 3010 respon
423 2950 432 2991 i

329 3049 439 3117 αὐλῶν
462 3054 632 3138 συρίγγων
653 3048 681 3118 c'
710 3049 835 3138 ἐνοπὴν
858 3053 987 3138 ὅμαδόν
1008 3049 1036 3115 τ’
1064 3049 1265 3137 ἀνθρώπων.

261 3170 366 3274 isidem
393 3198 466 3242 ciim
495 3179 627 3261 propter
654 3177 765 3262 populi
788 3177 982 3244 seditionem
1006 3199 1064 3262 pro
1088 3175 1295 3242 contentione
1307 3174 1347 3241 19

294 3267 366 3327 inter
393 3286 428 3329 se
456 3263 639 3349 Hylamqne
669 3265 783 3330 habita
810 3268 1007 3332 concitatam
1036 3265 1295 3352 indignationem

294 3352 480 3504 iiiiii
494 3349 1171 3528 ttttttaztttllatitet&
1201 3355 1296 3435 Μ’

352 3611 387 3661 24
405 3603 490 3661 Hom.
509 3605 541 3660 ll.
561 3606 580 3659 Κ
601 3611 633 3661 ii

352 3755 514 3824 acinique
532 3754 567 3810 Β
618 3756 729 3812 ahalai
743 3758 802 3812 BP
850 3757 1143 3829 1ΑΓΑΜΕΝῙΝΟΝΔ·
1162 3757 1190 3810 P
1238 3755 1299 3811 det

291 3828 382 3882 aas
451 3826 679 3897 omagiltratiul
698 3829 738 3895 Β,
763 3830 853 3884 maius
873 3831 985 3885 ratusb
1060 3835 1093 3883 10
1111 3833 1221 3893 qnae*
1271 3826 1301 3881 P

291 3898 356 3953 bilai
376 3899 403 3953 Ρ
445 3904 475 3953 11
497 3898 606 3968 pilades
619 3899 645 3952 P
686 3902 917 3958 isabelem
961 3900 1081 3955 Hercule
1100 3900 1210 3955 furente
1228 3843 1296 3956 dlic-

290 3971 397 4026 nonius:
416 3968 565 4025 Herculem
585 3972 722 4026 furentem
742 3973 820 4043 (BP)
884 3978 917 4027 lt
937 3973 1153 4028 ΜΑΝΕΜΕΝΟΝ
1169 3971 1196 4025 Β
1264 3975 1296 4025 ii

290 4041 535 4098 saisiatae?
579 4046 611 4096 18
630 4042 705 4097 milit
727 4044 754 4096 Ρ
799 4040 950 4100 lecm.P‘
1008 4040 1297 4112 toialnlaliolniili'

290 4119 320 4165 11
338 4112 516 4167 salutationis
531 4109 565 4167 Β’
611 4119 645 4167 24
664 4116 779 4170 arnoli
799 4117 827 4169 Ρ
869 4117 1008 4171 citonati
1027 4117 1054 4168 Β
1091 4114 1298 4168 daupeinais

290 4183 315 4236 Β
340 4189 373 4238 si
384 4187 431 4238 vul
441 4183 586 4252 llaapti'iis
595 4200 686 4253 opusc.
696 4185 758 4239 111
766 4190 834 4240 633:
845 4190 890 4240 ital
900 4187 981 4256 (ΒΡ)
1005 4191 1039 4241 28
1049 4185 1261 4240 acxoneiciai
1271 4184 1299 4238 Β
