3322 5190
320 825 385 889 412
694 823 770 881 SA'l',
789 823 884 878 LIBRI
904 822 955 878 Vll

322 986 439 1053 adiecit
458 986 543 1050 enim
562 983 726 1066 σωθέντα,
749 989 785 1048 ut
803 984 999 1067 ostenderet,
1022 987 1099 1066 post
1118 983 1214 1046 linem
1234 984 1335 1046 malo·

322 1095 394 1138 rum
436 1073 576 1158 gratiam
613 1072 779 1135 relationis
816 1071 963 1154 incipere.
1024 1075 1057 1134 et
1095 1074 1192 1153 poeta
1228 1075 1337 1135 uester

322 1159 489 1226 adiciendo
523 1159 616 1242 olim,
647 1158 724 1242 quid
758 1157 848 1223 aliud
880 1159 945 1223 nisi
977 1163 1053 1242 post
1080 1179 1211 1222 emensa
1237 1157 1336 1222 insor-

323 1248 417 1313 tunia
449 1246 558 1311 futuro
592 1249 739 1331 tempore
767 1246 878 1310 iuuare
906 1245 985 1310 dicit
1012 1246 1204 1310 memoriam
1233 1245 1336 1310 sedati

323 1335 445 1401 laboris
1364 1353 1378 1394 a

412 1441 523 1505 forsan
547 1444 581 1504 et
603 1438 684 1504 haee
706 1440 786 1505 olim
810 1440 996 1505 meminisse
1021 1440 1156 1504 iuuabit.

277 1564 385 1630 lOnee
407 1564 610 1647 negauerim,
637 1585 708 1628 esse
731 1565 890 1628 malorum
915 1585 1047 1650 genera,
1074 1584 1156 1648 quae
1179 1585 1245 1627 non
1268 1561 1340 1626 uult

326 1653 381 1739 qui
414 1653 550 1738 pertulit
583 1652 634 1717 uel
665 1656 832 1718 transacta
859 1654 1044 1718 meminisse
1072 1675 1130 1718 nee
1158 1652 1264 1718 minus
1292 1652 1338 1714 iu-

325 1746 509 1826 terrogatus
542 1741 716 1806 offenditur
749 1764 846 1825 quam
875 1764 946 1806 oum
975 1743 1007 1806 in
1036 1743 1117 1826 ipsis
1145 1742 1240 1805 malis
1269 1740 1339 1821 luit,

326 1834 363 1894 ut
396 1830 451 1914 qui
479 1829 645 1893 carnifices
674 1835 824 1912 expertus
852 1834 902 1892 est
929 1834 962 1892 et
989 1833 1151 1893 tormenta
1179 1828 1338 1891 membro·
1356 1855 1381 1894 ro

327 1938 409 2000 rum,
432 1921 490 1982 aut
513 1917 567 2001 qui
590 1916 749 1981 infaustas
773 1918 907 2001 pertulit
929 1917 1096 2000 orbitates,
1122 1916 1171 1980 uel
1191 1916 1242 1980 eui
1261 1920 1340 1979 nota

329 2004 490 2090 quondam
525 2004 653 2069 adflicta
685 2005 830 2070 censoria
861 2011 918 2070 est.
968 2027 1046 2069 oaue
1074 2005 1267 2090 interroges,
1298 2026 1339 2068 ne

277 2096 315 2161 11
329 2093 468 2160 uidearis
491 2093 626 2159 obicere.
664 2094 755 2158 illurn
780 2116 885 2180 saepe,
908 2095 935 2159 si
956 2100 1059 2179 potes,
1083 2095 1123 2158 ad
1143 2093 1340 2159 narrandum

326 2204 482 2268 prouooa,
508 2183 563 2265 qui
586 2183 753 2246 recitando
777 2183 1002 2248 innutabiliter
1025 2186 1176 2266 exceptus
1200 2186 1263 2264 est,
1286 2185 1338 2246 uel

314 2270 382 2356 ,qui
409 2270 509 2334 libere
538 2275 571 2333 et
594 2271 732 2334 feliciter
755 2271 951 2354 legationem
975 2271 1115 2355 peregit,
1143 2270 1194 2333 uel
1219 2271 1275 2354 qui
1299 2269 1339 2333 ab
1356 2298 1382 2337 1⁵

326 2359 524 2444 imperatore
557 2357 693 2422 comiter
726 2357 963 2440 affabiliterque
996 2361 1166 2442 susceptus
1194 2362 1257 2439 est,
1289 2359 1341 2421 uel

327 2445 429 2530 siquis
449 2449 520 2509 tota
538 2466 641 2529 paene
660 2445 764 2509 classo
784 2443 936 2529 spiratis
957 2451 1115 2528 occupata
1134 2466 1190 2509 seu
1209 2445 1341 2524 ingenio

327 2555 384 2600 ssu
412 2533 539 2598 uiribus
568 2534 658 2598 solus
687 2533 805 2616 euasit,
834 2533 910 2618 quia
932 2534 988 2597 uir
1009 2533 1127 2617 implet
1149 2532 1341 2597 desiderium

278 2621 494 2706 l2loquentis
527 2642 634 2686 rerum
666 2622 781 2686 talium
814 2623 865 2686 uel
901 2621 1002 2707 longa
1034 2622 1189 2686 narratio.
1242 2622 1342 2705 iuuat,

329 2711 455 2795 siquem
475 2711 580 2774 dicere
599 2711 732 2775 iusseris
747 2712 843 2775 amici
857 2712 907 2775 sui
922 2711 1126 2795 repentinam
1142 2710 1342 2794 felicitatem,
1357 2740 1383 2778 ao

329 2823 425 2886 quam
450 2806 566 2885 sponte
590 2822 654 2864 nou
679 2801 819 2866 audebat
843 2801 894 2866 uel
918 2802 1023 2865 dicere
1048 2803 1098 2864 uel
1119 2804 1225 2865 tacere
1244 2800 1339 2863 modo

278 2890 502 2955 13iactantiae
526 2890 622 2954 modo
648 2890 790 2953 nralitiao
811 2894 908 2955 metu.
945 2892 999 2972 qui
1019 2890 1190 2954 uenatibus
1210 2889 1339 2974 gaudet,

327 2980 549 3060 interrogetur
573 2979 611 3041 de
636 2979 738 3041 siluae
763 2979 901 3060 ambitu,
930 2979 968 3041 de
992 2979 1130 3062 ambage
1155 2978 1340 3057 lustrorum,

328 3066 367 3130 de
403 3067 585 3130 uenationis
624 3070 752 3129 euentu.
808 3066 978 3148 religiosus
1013 3067 1041 3128 si
1074 3066 1180 3148 adest,
1217 3065 1258 3128 da
1291 3065 1339 3127 illi

326 3154 483 3217 referendi
525 3155 667 3238 copiam,
709 3154 825 3238 quibus
863 3154 1147 3216 obseruationibus
1185 3154 1339 3216 meruerit
1354 3183 1380 3221 as

327 3243 448 3306 auxilia
481 3243 626 3323 deorum,
660 3246 798 3323 quantus
832 3242 880 3304 illi
912 3242 1180 3304 caerimoniarum
1210 3241 1341 3316 fructus,

329 3330 405 3415 quia
438 3334 471 3394 et
503 3331 563 3393 hoe
596 3352 699 3413 gentis
733 3330 901 3414 religionis
935 3330 1137 3412 existimant,
1175 3329 1340 3392 numinum

328 3418 486 3483 beneficia
513 3440 578 3481 non
608 3423 727 3501 tacere,
756 3418 837 3481 adde
869 3418 944 3500 quia
968 3419 1082 3480 uolunt
1107 3422 1139 3480 et
1163 3419 1284 3480 amieos
1307 3439 1341 3480 se

280 3507 518 3571 llnunrinibus
547 3507 723 3570 aestimari.
771 3508 798 3569 si
827 3528 903 3569 uero
929 3511 962 3568 et
985 3528 1082 3569 serior
1107 3528 1258 3587 praesens
1284 3510 1341 3586 est,

329 3595 430 3660 habes
451 3596 652 3659 occasionem
668 3618 732 3678 qua
747 3595 922 3677 plurimum
938 3596 986 3658 illi
1001 3595 1176 3658 contulisse
1191 3593 1337 3676 uidearis,
1354 3623 1380 3663 ω

329 3684 356 3747 si
390 3707 461 3747 eum
498 3685 680 3768 interroges
713 3683 765 3747 uel
799 3706 881 3766 quac
915 3684 954 3746 ad
988 3683 1079 3747 illum
1113 3682 1244 3747 omnino
1277 3704 1339 3746 non

328 3801 540 3809 --—.--—

400 3875 416 3922 6
436 3870 503 3921 Aen.
524 3869 534 3921 l
554 3873 606 3921 203

330 3970 478 3978 ---...--α
494 3971 543 3977 —-

403 4041 434 4089 13
458 4036 508 4088 ille
533 4033 567 4088 P'
660 4039 815 4089 namatium
838 4043 869 4089 ut
892 4036 949 4089 aial.
970 4029 1007 4086 P'
1101 4037 1131 4084 14
1156 4030 1295 4098 susceptus
1317 4032 1344 4082 P

329 4109 363 4187 22
381 4105 408 4228 pb
424 4108 456 4161 in
475 4104 544 4158 miza
563 4108 595 4159 tn
612 4122 665 4160 ras.
688 4109 718 4159 in
737 4107 764 4159 P
849 4113 881 4158 25
901 4103 1041 4157 merurtrrt
1059 4118 1128 4157 corr.
1148 4104 1178 4155 ia
1197 4105 1342 4154 meruetrrt

328 4193 360 4229 ra
