3322 5190
712 832 778 889 xV1
795 838 885 890 s-14
1241 831 1306 896 411

292 995 462 1063 matricem
497 998 572 1062 ante
604 995 773 1062 mulierem
804 994 942 1081 iactum,
970 995 1004 1060 st
1030 994 1085 1080 qui
1113 992 1309 1080 interrogata

294 1104 390 1170 quem
414 1082 454 1149 sd
474 1082 605 1151 modum
628 1083 753 1171 gallina
776 1084 845 1150 sine
864 1105 927 1150 ouo
946 1104 1017 1149 ease
1035 1082 1167 1168 potuit?
1189 1080 1310 1148 similis

294 1176 345 1240 est
380 1173 609 1260 interroganti,
641 1194 784 1260 quonam
815 1176 912 1258 pacto
944 1171 1093 1238 homines
1126 1171 1205 1238 lacti
1242 1170 1311 1236 sint

295 1265 371 1328 ante
394 1261 554 1349 pudenda,
582 1263 621 1329 de
644 1263 762 1349 quibus
785 1261 934 1329 homines
958 1263 1179 1348 procreantur.
1224 1258 1310 1325 unde

267 1352 380 1418 eeicut
409 1374 506 1418 nemo
538 1355 625 1419 recte
653 1352 751 1438 dicet,
788 1351 952 1418 hominem
985 1350 1118 1416 seminis
1150 1371 1221 1416 esse
1253 1349 1310 1415 sed

296 1463 406 1508 semen
433 1441 575 1509 hominis
615 1442 664 1508 ita
690 1463 750 1508 nec
778 1440 832 1507 oui
855 1440 1013 1529 gallinam
1036 1440 1093 1508 sed
1116 1461 1215 1506 ouum
1238 1460 1310 1505 esse

297 1530 444 1617 gallinae.
490 1493 606 1598 deinde
629 1532 657 1597 si
681 1531 909 1617 concedamus,
932 1532 970 1596 ut
992 1529 1034 1596 ab
1057 1528 1193 1596 aduersa
1215 1527 1365 1615 portell-

297 1619 419 1686 dictum
443 1624 503 1705 est,
525 1620 615 1706 haec,
638 1642 720 1707 quae
744 1625 821 1686 sunt
838 1642 877 1686 er
896 1623 1051 1705 tempore,
1074 1617 1205 1705 aliquod
1224 1641 1309 1684 sum·

297 1709 402 1794 psisae
434 1710 644 1796 principium,
674 1712 792 1775 natura
824 1710 964 1794 primum
995 1708 1126 1794 singula
1154 1706 1311 1773 animalia

258 1797 441 1882 superiecta
465 1798 635 1883 formauit,
661 1798 777 1864 deinde
801 1802 992 1883 perpetuam
1015 1798 1121 1884 legem
1144 1794 1247 1880 dedit,
1273 1799 1313 1860 ut

298 1886 538 1951 continuaretur
566 1886 790 1970 procreatione
818 1885 987 1951 successio.
1032 1884 1177 1969 perlecta
1201 1882 1365 1949 auteml2

298 1973 331 2037 in
359 1971 490 2039 exordio
517 1974 588 2038 lieri
615 1974 776 2057 potuisse,
804 1973 992 2038 testimonio
1021 1976 1101 2038 sunt
1126 1993 1212 2037 nume
1235 1992 1312 2056 quo·

298 2081 359 2145 que
390 2081 456 2125 non
488 2083 593 2145 pauca
625 2061 815 2142 animantia,
848 2082 930 2144 quae
962 2060 1002 2126 de
1033 2063 1122 2124 terra
1149 2063 1183 2124 et
1210 2059 1313 2124 imbre

299 2147 441 2231 perlecta
463 2153 653 2230 nascuntur,
679 2149 771 2213 utin
793 2146 946 2231 Aegypto
970 2169 1092 2230 mures,
1121 2149 1158 2210 ut
1181 2146 1255 2211 aliis
1278 2147 1313 2210 in

259 2255 286 2296 se
300 2235 379 2299 locis
406 2256 506 2299 ranae
533 2237 763 2321 serpentesque
787 2239 820 2298 et
842 2234 970 2299 similia.
1018 2256 1081 2300 oua
1108 2235 1217 2299 autem
1245 2254 1313 2299 non

301 2344 477 2407 numquam
501 2320 542 2388 de
564 2327 652 2388 terra
674 2325 750 2388 aunt
772 2325 952 2407 procreata,
976 2322 1055 2408 quia
1076 2321 1109 2387 in
1133 2321 1199 2387 illia
1222 2321 1313 2388 nulla

301 2412 457 2498 perfectio
481 2415 541 2496 est,
565 2416 684 2478 natura
706 2433 783 2478 uero
806 2411 950 2497 perlecta
973 2411 1101 2495 format,
1124 2415 1158 2476 et
1180 2410 1219 2476 de
1241 2430 1313 2496 per·

301 2501 394 2568 lectis
422 2502 487 2567 ista
515 2502 706 2587 procedunt,
733 2505 770 2568 ut
796 2501 835 2567 de
861 2501 1049 2588 integritate
1072 2502 1191 2587 partes.
1236 2522 1313 2567 nsm
1325 2500 1366 2566 13

301 2595 339 2657 ut
366 2591 556 2678 concedam,
587 2614 651 2658 oua
683 2592 792 2658 auium
820 2613 891 2657 esse
918 2591 1105 2678 seminaria,
1136 2589 1314 2677 uideamus,

263 2681 380 2766 sequid
404 2681 443 2747 de
467 2683 587 2748 semine
611 2683 683 2767 ipso
707 2681 976 2766 pbilosophorum
1000 2681 1146 2747 delinitio
1166 2682 1314 2765 testatur,

303 2792 386 2855 quae
409 2770 457 2836 ita
480 2772 598 2836 sancit:
623 2792 733 2836 semen
755 2775 806 2835 est
828 2771 995 2855 generatio
1019 2769 1059 2836 ad
1082 2769 1164 2854 eius,
1187 2791 1225 2834 ex
1248 2790 1314 2855 quo

303 2862 366 2942 aet,
403 2859 649 2925 similitudinem
687 2880 839 2944 pergens,
879 2881 945 2924 non
982 2862 1092 2944 potest
1127 2860 1236 2923 autem
1273 2856 1313 2922 ad
1369 2926 1373 2937 ‚

303 2946 549 3012 similitudinem
576 2947 668 3034 pergi
695 2948 757 3032 rei,
784 2967 866 3031 quae
894 2945 1028 3012 necdum
1057 2948 1121 3030 est,
1149 2946 1233 3011 sicut
1255 2966 1315 3011 nec

303 3056 413 3100 semen
433 3057 471 3101 ex
491 3058 538 3116 eo,
562 3035 647 3122 quod
667 3036 772 3102 adhue
789 3058 853 3100 uon
874 3035 1035 3119 subsistit,
1058 3036 1198 3100 emanat
1235 3052 1313 3118 ergo
1328 3033 1369 3099 14

264 3142 291 3183 ro
304 3124 337 3189 in
356 3124 463 3209 primo
481 3147 589 3190 rerum
609 3130 681 3191 ortu
696 3123 934 3211 intellegamus,
954 3146 1027 3190 cum
1042 3124 1156 3189 ceteris
1171 3122 1314 3189 animan·

304 3211 407 3295 tibus,
440 3234 522 3297 quae
555 3214 625 3279 solo
659 3213 782 3279 semiue
815 3216 1005 3296 nascuntur,
1037 3213 1077 3278 de
1105 3212 1222 3298 quibus
1249 3231 1316 3277 non

305 3300 491 3386 ambigitur,
513 3302 591 3386 quin
616 3303 706 3386 prius
729 3300 851 3366 fuerint
869 3324 966 3387 quam
984 3323 1093 3366 semen
1113 3322 1216 3382 suum,
1239 3319 1316 3365 aues

305 3410 432 3473 quoque
460 3389 575 3474 opifice
600 3394 717 3455 natura
740 3389 886 3456 extitisse
910 3389 1083 3476 perlectas,
1111 3392 1145 3455 et
1167 3388 1244 3473 quia
1265 3387 1317 3452 uis

305 3477 482 3564 generandi
510 3479 633 3544 inserta
661 3479 705 3544 sit
732 3478 884 3563 singulis,
912 3478 953 3544 ab
980 3478 1031 3544 bis
1055 3479 1121 3545 iam
1144 3476 1317 3563 procedere

266 3566 456 3634 senescendi
493 3567 623 3652 modos,
660 3588 741 3653 quos
778 3589 836 3653 pro
874 3567 1063 3633 diuersitate
1101 3565 1315 3632 animantium

303 3660 421 3721 natura
452 3654 602 3721 uariauit.
656 3656 772 3738 babes,
807 3656 991 3741 Euangele,
1028 3656 1199 3741 utrobique
1232 3653 1317 3740 quod

303 3746 427 3822 teneas,
460 3747 494 3809 et
520 3744 726 3809 dissimulata
754 3744 921 3829 paulisper
947 3745 1104 3810 inrisione
1132 3748 1236 3809 tecum
1265 3742 1316 3807 de·

303 3831 414 3916 libera,
438 3831 516 3917 quid
539 3830 703 3917 sequaris!

375 4059 505 4129 sehquo
526 4060 555 4115 P
612 4065 645 4115 1ο
662 4059 760 4131 piacla
777 4056 813 4114 P'
876 4064 909 4114 14
928 4061 1025 4184 egipto
1046 4059 1074 4113 P
1128 4064 1160 4115 115
1178 4075 1234 4113 nou
1253 4063 1317 4144 aab

303 4147 455 4200 numquam
473 4147 524 4187 om.
543 4131 627 4200 culpo
696 4136 730 4186 1ο
748 4130 809 4201 rpla
825 4132 853 4187 P
920 4136 953 4185 sl
986 4130 1078 4185 anccrt
1094 4128 1123 4184 P
1183 4136 1217 4185 11
1237 4147 1317 4201 perge

304 4202 358 4273 rei]
376 4218 461 4273 pgere
482 4203 510 4256 P
563 4207 595 4255 111
616 4199 684 4270 qusd
705 4201 734 4256 P
