3322 5190
654 1769 988 1857 PRAEFATIO

330 1949 337 1966 ’
402 1965 560 2033 Macrobii
584 1989 622 2033 oa
645 1968 738 2052 patet
762 1967 961 2053 exemplaria
983 1989 1083 2033 manu
1107 1965 1230 2052 saripta
1255 1969 1329 2055 plu-

314 2073 391 2137 rimi
413 2072 562 2139 faoienda
584 2094 655 2139 asss
674 2094 757 2159 quaa
776 2073 977 2140 Macrobium
998 2076 1157 2141 attatum
1176 2074 1331 2141 exhibent

279 2237 281 2241 ,
313 2183 356 2262 ot,
379 2201 461 2264 quaa
484 2179 580 2245 hodia
604 2180 706 2244 multo
725 2180 831 2264 magis
849 2201 999 2246 curamus
1018 2203 1117 2265 quam
1135 2181 1328 2265 scriptorem

280 2270 283 2302 ⁷
312 2284 430 2368 ipsum,
452 2284 576 2351 Graeca
594 2306 660 2350 non
679 2286 843 2351 omittunt.
881 2308 920 2351 ex
938 2287 1000 2351 hoo
1020 2305 1146 2369 genera,
1169 2288 1328 2370 quantum

314 2390 428 2473 sciam,
456 2413 540 2455 unus
568 2391 664 2456 hodia
688 2394 837 2476 superest
859 2391 1040 2475 Parisinus,
1068 2390 1147 2456 olim
1171 2392 1253 2457 altar
1275 2413 1328 2458 ao·

315 2496 449 2562 cedebat
472 2496 722 2583 Bambsrgensis
747 2498 894 2563 Parisino
923 2498 1158 2582 praestantior,
1185 2497 1243 2562 aad
1270 2497 1328 2582 qui

315 2603 424 2666 multia
448 2600 536 2667 soliis
560 2604 672 2668 recisis
697 2602 794 2667 hodia
817 2605 944 2668 tantum
963 2601 1223 2669 saturnaliorum
1246 2603 1327 2670 duos

313 2707 437 2791 prioras
456 2707 557 2772 libros
577 2711 610 2773 et
630 2709 719 2773 tertii
738 2708 893 2774 maiorem
908 2712 1036 2793 partem
1054 2708 1207 2774 continet.
1244 2730 1327 2794 quas

313 2835 387 2878 oum
410 2814 457 2877 ita
479 2814 559 2897 siut,
585 2812 736 2880 Parisino
765 2818 799 2879 at
821 2813 1057 2898 Barnbergensi
1085 2814 1327 2880 accuratissima

314 2919 455 2986 erouasis
482 2920 643 2986 malorum
671 2919 817 2986 codicum
847 2920 1002 2986 lectiones
1030 2941 1164 3003 prorsus
1187 2921 1327 3009 neglexi,

314 3026 370 3091 ubi
381 3026 506 3093 illinon
517 3026 596 3092 satis
607 3027 820 3094 faciebantsr
831 3026 1056 3111 copiosissimo
1067 3026 1151 3092 lanii
1166 3031 1327 3113 apparatu

315 3157 397 3219 quas
421 3157 502 3219 opus
522 3138 614 3200 orant
633 3134 773 3219 laudaui,
797 3133 1078 3222 Cantabrigiensis
1098 3133 1326 3202 auctoritatem

311 3245 425 3324 utpote
448 3242 565 3307 ceteris
589 3242 744 3307 breuialis
767 3243 878 3326 paullo
902 3243 1058 3308 maiorum
1081 3242 1264 3327 ubieunque
1287 3263 1327 3307 ax

312 3346 396 3412 lanii
416 3348 544 3413 silentio
564 3347 701 3432 apposui
720 3347 836 3413 melius
856 3347 1049 3414 omisissem.
1076 3347 1158 3414 haeo
1171 3346 1207 3412 in
1221 3369 1327 3413 ernen-

313 3453 425 3517 dondia
455 3451 715 3519 Saturnaliorum
745 3452 852 3519 uerbis
881 3457 1011 3519 secutus
1045 3476 1131 3537 sum;
1165 3475 1327 3518 comman-

312 3558 415 3624 tsrioa
438 3558 472 3623 in
496 3560 657 3626 somnium
678 3558 839 3644 Scipionis
863 3560 891 3625 si
914 3560 1066 3626 omittens
1084 3559 1238 3643 licuisset,
1260 3581 1326 3625 non

310 3664 522 3749 addidissem
559 3665 667 3730 addidi
705 3666 901 3731 auctoritato
934 3665 1081 3731 codicum
1114 3664 1255 3730 Parisini
1292 3669 1326 3731 at

312 3768 448 3835 alterius
475 3766 726 3855 Bambsrgensis
761 3770 925 3856 apposita,
959 3771 1014 3855 qui
1046 3770 1103 3836 ubi
1132 3770 1327 3837 deficiebant

309 3874 393 3940 salis
415 3873 587 3940 uidebatur
610 3874 652 3940 ad
675 3875 761 3941 lanii
783 3876 893 3961 copias
917 3877 1053 3942 lectores
1077 3877 1231 3962 relegare.

399 3980 517 4067 Itaque
547 3982 581 4046 in
611 3983 754 4068 ligatura
788 3982 908 4050 codicis
939 3982 1173 4049 Parisini
1205 3983 1326 4069 legitur

310 4087 342 4154 P
361 4093 460 4174 6371,
484 4089 517 4153 in
540 4091 687 4177 margine
711 4089 824 4156 dextro
847 4090 921 4156 folii
944 4091 1040 4175 primi
1064 4090 1144 4157 recti
1167 4089 1238 4158 Ood.
1257 4087 1323 4157 uos

305 4195 415 4275 tertio.
444 4200 529 4266 1926
558 4197 674 4281 Rosos
700 4200 794 4265 5058.
827 4203 864 4284 2,
891 4198 926 4264 in
962 4198 1106 4264 eiusdem
1143 4198 1214 4265 lolii
1243 4197 1325 4264 recti

1071 4301 1110 4356 a*

313 4367 318 4397 r

309 4420 316 4469 l
