3442 5190
360 872 426 937 442
739 873 815 928 ΕΔΤ.
830 872 927 927 LIBRI
946 872 997 928 Vll

360 1035 474 1118 faciat,
501 1035 680 1100 indicatum
708 1038 766 1099 est.
811 1036 935 1119 reliqua
961 1056 1037 1118 pars
1062 1034 1162 1100 debiti
1185 1035 1250 1100 mei
1273 1033 1311 1099 de
1335 1056 1372 1099 eo

361 1128 426 1209 est,
452 1146 509 1189 our
536 1124 717 1207 cerebrum,
746 1145 819 1188 cum
847 1145 976 1189 sensum
1005 1145 1070 1188 non
1098 1124 1232 1207 babeat,
1259 1144 1373 1188 sensus

360 1213 527 1299 gubernet.
575 1211 630 1277 sed
660 1211 699 1277 de
732 1211 794 1278 hoo
822 1234 949 1297 quoque
977 1212 1159 1298 temptabo,
1191 1213 1220 1279 si
1248 1215 1374 1296 potero,

310 1305 431 1371 ldesse
458 1301 624 1368 soluendo.
674 1322 788 1368 sensus
817 1302 855 1366 ds
883 1302 999 1387 quibus
1027 1303 1203 1387 loquimur,
1231 1302 1373 1386 quinque

360 1397 449 1459 sunt:
472 1393 562 1458 uisus
587 1390 716 1457 auditus
740 1393 895 1457 odoratus
920 1397 1035 1477 gustus
1059 1398 1092 1457 at
1110 1396 1225 1458 tactus.
1263 1391 1297 1455 hi
1315 1395 1374 1456 sut
1401 1416 1416 1457 s

359 1482 506 1566 corporei
534 1486 612 1546 sunt
640 1486 697 1545 aut
723 1481 809 1546 circa
837 1503 955 1566 corpus
978 1481 1120 1565 solisque
1144 1486 1221 1546 sunt
1244 1480 1372 1544 caducis

359 1570 549 1655 corporibus
567 1570 754 1634 familiares.
791 1569 874 1633 nulli
890 1569 975 1634 enim
990 1568 1100 1634 diuino
1114 1569 1244 1653 corpori
1259 1589 1373 1632 sensus

359 1657 457 1737 inest,
485 1658 594 1723 anima
620 1680 698 1722 uero
727 1659 815 1721 omni
844 1679 991 1742 corpore,
1018 1658 1070 1721 nel
1097 1659 1126 1722 si
1149 1657 1296 1722 diuinum
1319 1655 1372 1735 sit,

360 1746 432 1829 ipsa
464 1745 606 1810 diuinior
638 1751 696 1810 est.
743 1767 820 1830 ergo
853 1745 882 1810 si
915 1745 1060 1829 dignitas
1093 1746 1277 1810 diuinorum
1304 1764 1372 1808 cor-

359 1855 476 1918 porum
499 1854 628 1898 sensum
648 1832 842 1916 dedignatur
865 1835 956 1916 qnasi
975 1838 1088 1916 aptum
1107 1832 1245 1917 caducis,
1268 1832 1371 1896 multo
1387 1858 1416 1896 ro

360 1923 465 2005 magis
493 1922 602 1985 anima
629 1921 761 1985 maioris
789 1925 839 1985 est
867 1921 1060 2004 maiestatis,
1089 1942 1184 2004 quam
1214 1925 1252 1984 ut
1274 1940 1371 1983 sensu

309 2011 347 2075 17
360 2013 463 2094 egeat
508 2014 545 2074 ut
572 2012 681 2073 autem
708 2009 806 2073 homo
834 2012 963 2072 constet
986 2012 1018 2072 et
1040 2010 1150 2073 uiuum
1174 2008 1296 2073 animal
1319 2008 1372 2090 sit,

361 2098 468 2162 anima
486 2101 641 2180 praestat,
660 2117 743 2180 quae
762 2117 877 2180 corpus
896 2096 1078 2162 inluminat.
1119 2119 1218 2180 porro
1237 2095 1371 2160 inlumi-

359 2189 418 2250 nat
454 2183 666 2251 inhabitando
704 2189 737 2249 et
772 2184 934 2249 habitatio
971 2187 1040 2250 eius
1077 2186 1110 2251 in
1147 2185 1278 2250 cerebro
1311 2189 1371 2248 est.

359 2273 540 2359 sphaeralis
571 2275 656 2337 enim
688 2277 808 2337 natura
840 2277 872 2336 et
904 2273 944 2336 ad
977 2295 1037 2337 nos
1069 2274 1201 2337 ueniens
1234 2273 1273 2336 da
1304 2273 1372 2337 alto
1386 2297 1414 2336 rs

359 2364 486 2445 partem
515 2361 549 2425 in
576 2361 707 2424 homins
736 2366 769 2426 et
796 2360 897 2425 altam
927 2365 960 2423 et
984 2360 1188 2444 sphaeralem
1210 2360 1317 2423 tenuit
1339 2366 1374 2423 et

360 2470 442 2533 quas
475 2471 571 2516 sensu
604 2453 726 2532 careat,
754 2449 809 2533 qni
836 2470 902 2512 non
931 2453 982 2512 cst
1009 2449 1136 2513 animae
1163 2447 1374 2513 necessarius.

309 2544 348 2610 18
360 2537 416 2604 sed
449 2537 526 2625 quia
556 2539 760 2603 necessarius
788 2535 922 2602 animali
951 2540 1014 2621 est,
1046 2537 1135 2603 locat
1161 2537 1193 2602 in
1224 2537 1371 2602 cauernis

359 2628 482 2693 cerebri
510 2628 744 2713 spiramentum
773 2625 812 2691 de
840 2625 1007 2692 effectibus
1036 2627 1116 2692 suis:
1149 2627 1240 2692 cuius
1269 2626 1370 2711 spira·

359 2718 461 2782 menti
485 2723 603 2784 natura
627 2718 706 2783 hacc
730 2720 788 2799 est,
811 2723 848 2782 ut
871 2739 984 2781 sensus
1006 2722 1039 2781 et
1058 2717 1186 2802 ingerat
1206 2723 1238 2781 ct
1258 2717 1371 2802 guber·
1385 2739 1413 2778 so

309 2815 423 2879 lbnet.
460 2809 498 2873 de
522 2809 573 2874 his
593 2830 670 2893 argo
690 2808 846 2891 cauernis,
870 2830 950 2892 quas
968 2813 1098 2872 uentres
1117 2809 1240 2872 cerebri
1259 2811 1372 2872 nostra

360 2900 490 2962 uocauit
516 2898 706 2981 antiquitas,
733 2901 909 2962 naseuntur·
931 2918 1103 2961 rreruorum
1129 2901 1251 2980 septem
1276 2899 1336 2974 συζ
1358 2936 1371 2945 -

359 2991 438 3069 γίαι.
484 2988 535 3051 cui
556 2989 602 3050 rei
621 3007 747 3066 nornen,
771 2986 856 3069 quod
877 2986 947 3069 ipse
967 2987 1068 3069 uoles,
1090 2986 1242 3050 Latinum
1263 2987 1371 3049 facitu.

359 3100 419 3140 rios
439 3077 523 3139 cuim
544 3077 703 3157 συζυγίαν
722 3096 896 3138 neruorum
915 3096 1079 3158 necamus,
1099 3097 1171 3138 cum
1191 3075 1258 3137 birri
1278 3076 1368 3137 nerui

307 3174 350 3237 20
360 3164 483 3248 pariter
502 3169 673 3249 emergunt
689 3168 721 3228 ot
740 3164 895 3228 inlocum
911 3167 1033 3228 certum
1050 3164 1208 3228 (lesirumt.
1246 3168 1369 3247 septem
1385 3184 1411 3223 aa

361 3276 438 3339 ergo
462 3276 636 3318 neruorum
666 3255 817 3335 συζυγίαι
845 3255 883 3317 ala
912 3254 1033 3317 cerebri
1061 3258 1173 3318 uentre
1198 3259 1370 3317 nascentes

360 3344 465 3407 uiocm
489 3344 626 3425 impleut
649 3344 841 3426 fistularum,
864 3344 1096 3426 spiramentum
1122 3342 1305 3406 sensificum
1330 3342 1370 3406 ad

360 3454 419 3496 sua
448 3453 592 3516 quaeque
620 3432 690 3494 loca
718 3431 861 3496 naturali
890 3430 961 3514 lege
990 3432 1153 3513 discentes,
1177 3437 1214 3494 ut
1238 3452 1370 3495 serrsum

360 3520 476 3583 uicinis
505 3527 538 3583 et
566 3520 663 3603 longe
691 3519 808 3602 positis
835 3520 989 3583 membris
1015 3520 1163 3583 animalis
1187 3519 1370 3584 infundant.

307 3608 465 3691 21p1·ima
487 3609 589 3692 igitur
614 3611 750 3690 συζυγία
774 3629 945 3671 neruorum
970 3609 1084 3671 talium
1105 3608 1189 3690 petit
1207 3608 1317 3672 oculos
1338 3613 1371 3672 et
1385 3626 1411 3665 so

359 3697 416 3761 dat
442 3697 508 3760 illis
536 3698 736 3781 agnitionem
766 3697 944 3779 specierum
973 3701 1005 3759 et
1033 3697 1257 3760 discretionem
1284 3698 1369 3762 eolo·

359 3807 444 3868 rum,
473 3786 613 3850 secunda
641 3786 673 3848 iu
703 3807 796 3849 aures
820 3785 1022 3868 dissirnditur,
1051 3808 1108 3868 per
1132 3806 1227 3869 quarn
1252 3785 1298 3849 eis
1322 3786 1371 3850 iu·

358 3874 505 3937 nascitur
525 3874 643 3938 notitia
662 3895 824 3956 sonorum,
848 3874 948 3936 tertia
966 3875 1100 3938 rioribus
1120 3874 1280 3956 inseritur,
1304 3876 1370 3938 uim

432 4029 641 4098 llmageitatrs
654 4029 681 4081 P
736 4034 767 4082 12
783 4028 892 4100 uiuum]
909 4029 1037 4082 unumP
1085 4029 1373 4083 lbbr'srllumrustP

359 4105 392 4151 15
413 4100 529 4168 speratis
544 4101 571 4154 P
645 4117 719 4154 emm
739 4117 787 4154 ουι.
808 4101 836 4153 P
908 4098 1064 4168 ruspensis
1087 4099 1114 4152 P
1186 4106 1219 4155 18
1239 4100 1283 4152 scd
1305 4119 1371 4169 qula

357 4170 638 4226 necessariaiam
717 4177 751 4225 22
770 4178 794 4227 rt
813 4177 847 4224 26
867 4172 1000 4225 (ΥΖΙΓΙΛΙ
1021 4172 1048 4224 P
1122 4176 1156 4224 24
1176 4172 1325 4226 (ΥΖΙΠΛΝ
1346 4173 1374 4226 Ρ

358 4247 392 4295 30
410 4250 434 4298 ot
453 4247 512 4310 443,
534 4248 547 4296 7
569 4244 694 4297 (ΥΖΙΓΙΛ
716 4243 743 4295 Ρ
803 4242 1047 4296 331nsar1aturP
