3322 5190
706 774 733 831 11
750 780 838 832 4-11
1212 773 1278 841 481

263 937 403 1002 multum
430 958 466 1005 se
487 935 621 1004 Arbiter
643 938 787 1005 exercuit
813 938 867 1004 nel
889 935 1065 1022 Apuleium
1092 957 1159 1003 non
1186 957 1279 1003 uum·

265 1046 363 1110 qnam
392 1026 509 1092 lusisse
533 1027 697 1092 miramur.
742 1026 805 1093 hoc
827 1028 936 1092 totum
957 1024 1143 1092 fabularum
1166 1046 1280 1112 genus,

265 1113 351 1198 quod
378 1114 465 1181 solas
493 1115 622 1181 aunum
650 1114 781 1180 delicias
808 1115 979 1199 profitetur
1011 1135 1029 1178 e
1051 1113 1195 1179 sacrario
1220 1135 1279 1180 suo

266 1203 298 1265 in
312 1203 474 1267 nutricum
490 1224 590 1268 cunas
604 1204 782 1287 sapientiae
796 1205 956 1267 tractatus
971 1201 1129 1267 eliminat
1175 1223 1214 1266 ex
1227 1200 1309 1270 hiae

239 1292 385 1369 sautem,
402 1312 485 1375 quae
503 1291 544 1356 ad
564 1291 727 1375 quandam
745 1290 904 1355 uirtutum
919 1290 1061 1374 speeiem
1075 1288 1279 1355 intellectum

265 1377 403 1465 legentis
417 1378 598 1463 hortantur,
618 1381 656 1445 fit
674 1379 814 1445 secunda
832 1378 996 1444 discretio.
1028 1379 1062 1443 in
1082 1376 1278 1463 quibusdam

265 1468 350 1534 enim
369 1471 402 1534 et
419 1472 648 1556 argumentum
666 1491 705 1534 ex
724 1469 800 1535 ficto
819 1468 953 1552 locatur,
976 1470 1009 1533 et
1033 1488 1091 1553 per
1111 1465 1280 1533 mendacia
1324 1547 1328 1553 ,

265 1557 334 1642 ipse
361 1557 530 1624 relationis
557 1559 637 1624 ordo
665 1558 862 1642 contexitur,
888 1562 925 1622 ut
952 1561 1029 1623 sunt
1054 1555 1133 1621 illae
1157 1556 1279 1641 Aesopi

266 1645 393 1713 fabulae
417 1647 581 1735 elegantia
607 1647 748 1713 fictionis
770 1647 931 1732 illustres,
958 1649 993 1712 st
1022 1646 1056 1711 in
1085 1644 1159 1710 aliis
1183 1665 1278 1731 argu-

227 1756 252 1796 ro
267 1737 410 1801 ruentum
428 1737 556 1822 quidem
576 1736 731 1802 intrudatur
749 1737 818 1802 ucri
838 1735 1012 1819 soliditate,
1035 1733 1090 1800 aed
1109 1732 1190 1800 haee
1207 1732 1280 1819 ipsa

266 1824 387 1890 ueritus
415 1847 473 1909 per
496 1825 652 1910 quiaedam
682 1825 866 1911 composita
888 1829 921 1890 et
943 1824 1019 1890 ficta
1041 1822 1219 1909 profertur,
1247 1827 1281 1888 et

264 1911 327 1978 lroc
344 1913 411 1979 iam
430 1919 564 1980 uocatur
582 1916 727 1979 narratio
747 1913 903 1998 l'abulosa,
921 1934 987 1977 non
1005 1910 1127 1998 sabula,
1148 1914 1186 1977 ut
1204 1912 1281 1977 sunt

265 2001 511 2067 cerimoniarum
543 2024 648 2086 sacra,
676 2007 713 2068 ut
741 2001 877 2068 Hesiodi
906 2005 939 2065 et
966 2000 1102 2085 Orphei,
1129 2021 1211 2086 quae
1240 1999 1280 2065 de

265 2089 398 2155 deorum
421 2092 576 2176 progenie
599 2093 714 2156 actuue
738 2094 920 2170 narrantur,
942 2091 980 2153 ut
1002 2088 1141 2172 mystica
1158 2087 1279 2172 Pytha·

226 2196 251 2237 11
266 2197 439 2261 goreorum
476 2200 571 2243 sensa
607 2177 799 2242 referuntur.
854 2196 932 2261 ergo
973 2197 1011 2240 ex
1043 2175 1106 2239 hac
1136 2174 1277 2240 secunda
1289 2179 1330 2243 10

265 2263 438 2349 diuisione,
469 2287 566 2349 quam
598 2265 737 2330 diximus
765 2287 786 2330 a
813 2261 1040 2350 philosophiae
1067 2262 1160 2327 libris
1186 2262 1277 2347 prior

265 2352 401 2439 specics,
428 2375 511 2439 quse
534 2357 691 2440 concepta
717 2353 756 2420 de
779 2353 862 2419 falso
885 2374 943 2438 per
970 2351 1089 2418 falsum
1116 2353 1277 2435 narratur,

265 2442 373 2508 aliena
404 2447 463 2509 est.
513 2466 649 2530 sequens
682 2443 717 2509 in
750 2443 848 2510 aliam
885 2463 1012 2506 rursum
1048 2440 1277 2507 discretionem

266 2530 368 2597 saissa
398 2531 567 2600 diuiditur:
596 2556 672 2600 nam
696 2555 769 2599 cum
797 2533 919 2598 ueritas
943 2531 1134 2617 argumento
1157 2528 1278 2616 subest,

228 2640 255 2682 ao
269 2622 399 2706 solaque
430 2621 470 2686 fit
501 2623 645 2688 narratio
682 2621 846 2703 fabulosa,
883 2641 949 2686 non
981 2641 1063 2685 unus
1095 2618 1277 2704 repperitur

267 2708 381 2773 modus
404 2730 463 2795 per
484 2710 676 2797 figmentum
700 2732 777 2776 uera
803 2706 970 2775 referendi.
1015 2712 1072 2774 aut
1093 2707 1179 2773 enim
1202 2728 1277 2774 con·
1290 2712 1328 2777 ll

266 2797 368 2862 tertio
387 2799 582 2865 narrationis
605 2822 664 2885 per
686 2799 796 2883 turpia
818 2801 852 2864 et
873 2797 1007 2882 indigns
1029 2796 1215 2862 numinibus
1238 2818 1277 2862 ao

267 2889 415 2951 monstro
438 2889 557 2953 similia
580 2889 797 2973 componitur,
819 2890 857 2951 ut
877 2888 910 2951 di
934 2884 1089 2969 adulteri,
1116 2882 1277 2950 Saturnus

266 2973 416 3058 pudenda
438 2974 529 3042 (laeli
553 2978 656 3062 patris
679 2976 870 3042 abscindens
893 2978 926 3040 et
948 2975 1018 3059 ipse
1035 2994 1146 3039 rursus
1169 2972 1277 3038 atilio

227 3083 253 3123 11
267 3082 366 3148 regno
395 3065 500 3148 potito
528 3067 561 3131 in
585 3065 693 3132 uincla
719 3066 899 3148 coniectus,
926 3061 1012 3149 quod
1041 3082 1143 3148 genus
1171 3064 1276 3127 totum

265 3150 454 3237 philosophi
486 3154 611 3220 nescire
643 3155 769 3221 malunt
804 3192 841 3202 -
877 3155 935 3218 aut
968 3173 1134 3218 sacrarum
1170 3172 1276 3217 rerum

265 3240 355 3306 notio
379 3241 439 3307 sub
463 3243 518 3327 pio
537 3244 769 3329 figmentorum
786 3243 946 3309 uelamine
966 3239 1113 3307 honestis
1136 3244 1170 3306 et
1191 3243 1279 3306 tecla

265 3329 361 3394 rebus
398 3335 431 3396 et
467 3333 588 3399 uestita
624 3332 813 3399 nominibus
846 3329 1034 3396 enuntiatur
1069 3331 1103 3394 et
1133 3329 1196 3395 hoc
1228 3333 1279 3395 est

266 3419 371 3484 solum
397 3421 547 3506 figmenti
575 3442 693 3508 genus,
723 3421 808 3507 quod
836 3421 944 3487 cautio
967 3419 1007 3484 de
1034 3417 1154 3483 diuinis
1181 3419 1278 3485 rebus

337 3636 350 3684 1
375 3632 413 3687 cd
435 3649 465 3687 se
480 3633 544 3688 add.
568 3650 626 3702 prr·
646 3649 668 3701 p
763 3631 888 3686 exercuit
909 3645 960 3685 om.
983 3629 1012 3683 P
1094 3629 1235 3700 apulegn'r
1250 3630 1278 3684 Β

264 3707 280 3755 a
303 3701 433 3757 bortatur
455 3702 483 3757 Β
571 3702 631 3757 lota
653 3703 704 3758 dcl.
727 3708 792 3757 unte
814 3700 882 3756 seda
903 3702 936 3754 a'n
958 3699 985 3753 Β
1069 3704 1086 3753 t
1111 3700 1227 3754 alteram
1249 3704 1279 3753 et

264 3786 316 3825 om.
335 3771 364 3825 B
445 3771 584 3842 tesophy
605 3771 633 3826 P
705 3776 737 3827 11
756 3771 862 3841 cpohta
880 3769 908 3824 Β
981 3773 1014 3823 11
1032 3767 1131 3824 fabula
1147 3769 1176 3823 B
1244 3772 1278 3823 u

265 3841 415 3896 multreaB
513 3844 697 3912 pytagoreon
717 3842 751 3910 P,
770 3841 973 3913 phrtagolreolt
991 3838 1019 3893 Β
1119 3840 1152 3893 lt
1171 3855 1204 3893 ex
1223 3837 1277 3893 hac

264 3919 329 3995 ΕΡ
383 3936 414 3985 18
434 3931 569 3987 11111111111
588 3931 693 3985 11111111
746 3936 779 3985 11
800 3927 943 3985 hointirP
991 3931 1090 3983 enarro
1110 3927 1138 3981 P
1184 3926 1277 3982 1111111

263 4000 291 4054 Β
340 4003 497 4057 141111Ρ
544 4002 691 4057 abscidens
703 4002 731 4055 Ρ
779 3999 968 4070 11118111οΒ
1022 4003 1056 4052 11
1065 3997 1237 4123 phylosophi
1252 3999 1280 4052 P

264 4019 423 4197 mtalpuslpml
442 4075 470 4127 P
545 4078 579 4127 17
599 4073 724 4139 1111111011
741 4072 770 4127 P
844 4072 1048 4126 sannuncurt
1170 4073 1204 4122 11
1224 4069 1277 4139 hg-

264 4163 292 4196 ¹¹
317 4201 340 4281 hl
342 4251 459 4283 rrrrrrr
1029 4234 1061 4283 ul
