3322 5190
460 821 513 877 1111
532 824 638 877 u-ae
661 820 772 876 v1-a
1059 825 1127 891 423

110 985 172 1053 diri
204 986 418 1074 digestionem
448 985 513 1052 nisi
541 984 612 1050 sola
639 983 786 1051 ciborum
813 986 1035 1071 multitudine,
1065 1010 1125 1056 nec

111 1074 193 1142 uelit
224 1075 262 1142 de
295 1077 451 1162 qualitate
484 1077 638 1158 tractare,
670 1073 724 1140 hic
756 1097 884 1162 quoque
914 1076 1125 1144 multiformis

111 1166 267 1233 alimonia
280 1165 531 1252 deprehanditur
544 1185 643 1230 causa
656 1165 854 1230 morborum.
886 1188 963 1232 nam
978 1167 1123 1252 pulmen-
1134 1172 1177 1241 31

109 1258 218 1321 torum
241 1256 383 1321 uarietas
405 1254 521 1340 recipit
542 1253 635 1318 uarie
657 1252 878 1337 condimenta,
906 1256 1024 1339 quibus
1047 1258 1125 1343 gula

82 1343 198 1409 cultra
220 1365 317 1448 quam
340 1347 476 1408 naturae
499 1362 629 1407 necesse
653 1344 716 1421 eat,
739 1341 909 1407 lacessitur
932 1348 967 1409 et
987 1345 1027 1408 lit
1048 1344 1123 1411 inde

110 1430 386 1519 congruendum
410 1431 536 1516 pruritu
560 1428 709 1494 desiderii
733 1429 876 1515 emplius
898 1430 951 1495 uel
975 1435 1061 1498 certe
1083 1433 1123 1499 de

110 1518 249 1607 singulis
272 1542 375 1605 parua
393 1521 547 1586 libantur.
584 1516 662 1583 hino
681 1515 830 1583 Socrates
850 1519 985 1585 suadere
1004 1521 1176 1607 solitus32

111 1611 195 1693 erat,
230 1608 304 1674 illos
337 1609 427 1675 cibos
459 1611 597 1694 potusus
629 1606 795 1689 uitandus,
827 1608 882 1692 qui
914 1609 1000 1674 ultre
1032 1611 1121 1676 sitim

110 1695 270 1761 lemcmue
299 1697 473 1762 sedandam
502 1696 684 1780 producunt
706 1694 937 1779 adpetentiam.
983 1697 1122 1784 denique

70 1808 98 1851 ro
110 1783 162 1850 uel
185 1787 319 1869 propter
337 1785 399 1849 hoc
418 1783 530 1849 edendi
550 1783 690 1846 uarietas
700 1782 907 1868 repudietur,
931 1785 1008 1868 quia
1025 1786 1123 1870 plena

108 1877 160 1939 est
182 1872 369 1957 uoluptatis,
393 1896 413 1937 a
435 1894 499 1956 qua
522 1869 615 1935 scriis
639 1874 672 1935 et
689 1869 844 1935 studiosis
863 1873 1043 1937 cauendum
1063 1878 1123 1940 cst.

108 1960 187 2045 quid
214 1962 299 2026 enim
323 1966 392 2027 tam
415 1960 616 2026 contrarium
640 1981 737 2042 quam
761 1959 866 2024 uirtus
890 1964 923 2025 et
946 1962 1121 2047 uoluptas?

107 2048 164 2114 sed
191 2049 321 2115 modum
351 2048 564 2135 disputationi
593 2047 693 2131 facio,
720 2068 762 2112 ne
785 2048 898 2112 uidear
919 2049 983 2115 hoc
1006 2049 1122 2135 ipsum,
1132 2055 1176 2123 33

106 2137 227 2223 inquo
251 2158 375 2221 sumus,
401 2138 479 2201 licet
501 2135 647 2200 sobrium
671 2135 730 2217 sit,
752 2139 871 2221 tamen,
895 2138 971 2221 quie
993 2137 1121 2204 uarium

67 2248 95 2292 aa
108 2227 171 2309 est,
194 2245 345 2290 accusare
368 2221 576 2289 conuiuium'.

194 2345 285 2413 llaec
317 2368 388 2413 cum
417 2346 624 2412 Praetextato
657 2349 690 2410 et
721 2346 838 2412 ceteris
871 2369 975 2434 prona
1007 2348 1161 2424 adeon-V

106 2438 197 2505 sione
228 2436 441 2524 placuissent,
475 2435 662 2522 Euangelus
695 2436 889 2503 exclamauit
921 2435 1017 2504 ‘nihil
1049 2441 1119 2505 tarn

105 2528 274 2617 indiguum
301 2527 456 2609 toleratu,
483 2549 581 2612 quam
609 2526 695 2611 quod
724 2549 818 2593 aures
842 2530 971 2593 nostras
995 2527 1121 2595 Graeca

107 2618 220 2706 lingua
250 2617 394 2702 captiuas
422 2618 512 2681 tenet
534 2619 568 2681 et
590 2617 763 2681 ricrborum
786 2616 980 2683 rotunditati
1005 2619 1117 2684 adsen-

64 2734 94 2775 ιο
107 2707 164 2773 tiri
187 2706 334 2792 cogimur
357 2706 569 2772 circumuenti
587 2705 794 2771 uolubilitate
812 2707 980 2789 sermonis,
1003 2707 1058 2792 qui
1077 2707 1119 2773 ed

107 2796 358 2880 extorquendam
386 2793 480 2859 fidem
509 2795 581 2878 agit
606 2795 641 2858 in
665 2794 832 2860 audientes
856 2798 1039 2879 tyrannum.
1086 2800 1150 2870 ct2

106 2884 182 2968 quie
213 2882 265 2947 his
298 2881 450 2968 loquendi
483 2881 677 2967 labyrinthis
710 2883 852 2967 impares
881 2905 941 2948 nos
969 2884 1119 2970 letemur,

105 2992 177 3059 age,
198 2969 300 3054 Vetti,
321 2969 490 3037 hortemur
508 2970 730 3055 Eustathium,
749 2974 787 3036 ut
803 2974 936 3057 recepta
955 2972 1120 3038 contraria

105 3060 325 3146 disputatione
349 3059 501 3147 quicquid
525 3082 585 3145 pro
609 3060 700 3125 uario
724 3060 798 3125 cibo
822 3060 884 3125 dici
909 3065 1020 3143 potest
1039 3062 1119 3128 uelit

66 3149 343 3217 recommunicare
371 3150 555 3233 nobiscum,
582 3151 621 3213 ut
648 3149 715 3214 suis
738 3148 814 3214 telis
838 3150 951 3235 lingua
974 3150 1121 3216 uiolenta

106 3238 306 3321 succumbat,
334 3241 368 3302 et
390 3237 533 3303 Graecus
557 3237 681 3303 Graeco
709 3237 826 3321 eripiat
853 3239 940 3304 hunc
966 3239 1119 3323 plausum

106 3332 273 3413 tamquam
296 3326 406 3391 cornix
430 3325 550 3391 cornici
575 3326 687 3390 oculos
711 3323 863 3390 effodiat'.

194 3415 239 3479 Et
262 3413 477 3498 Symmachus
504 3413 582 3478 ‘rem
609 3414 794 3495 ineundam,
821 3412 1003 3498 Euangale,
1030 3425 1150 3490 ama-3

106 3503 173 3568 rius
200 3502 383 3587 postulasti.
434 3501 551 3566 audere
580 3502 664 3566 enim
692 3504 806 3566 contra
833 3504 900 3565 tam
929 3504 1059 3585 copiose
1087 3506 1121 3567 et

66 3592 273 3678 neclegenter
295 3591 429 3655 inuenta
451 3611 503 3654 res
527 3593 592 3674 est,
619 3611 702 3674 quae
725 3588 847 3654 habeat
867 3590 981 3654 utilem
1005 3590 1120 3675 uolup-

107 3682 223 3764 tatem,
264 3677 320 3742 scd
361 3700 427 3745 non
467 3682 633 3763 tamquam
675 3677 814 3762 ingeniis
856 3676 1049 3743 insidiantes
1087 3680 1121 3744 et

107 3767 259 3854 gloriosis
282 3766 480 3832 tractatibus
502 3765 687 3831 inuidentes
706 3765 769 3831 hoc
787 3765 941 3831 debemus
961 3768 1120 3850 expetere.

107 3879 166 3924 nec
188 3857 326 3943 abnego,
348 3856 494 3942 potuisse
517 3877 569 3920 me
591 3877 717 3942 quoquc
735 3857 901 3940 tamquam
919 3854 1152 3941 palinodiam4

180 4049 307 4119 ldorbur
324 4048 353 4103 P
429 4049 624 4120 tapphentrlr
641 4048 670 4103 P
746 4053 779 4102 19
796 4049 894 4115 teneat
911 4047 940 4102 P
1012 4054 1047 4104 20
1065 4047 1120 4103 ler-

107 4121 225 4177 mosml
240 4121 268 4175 P
319 4124 351 4172 21
376 4121 488 4174 tnunni'r
508 4120 537 4175 P
587 4125 621 4172 2⁴2
640 4117 846 4174 laberinthrsP
896 4118 1125 4193 28s1mlmaohnf

108 4192 137 4247 P
186 4191 335 4247 iocundam
355 4190 382 4244 P
433 4195 468 4242 29
487 4188 585 4244 andare
603 4190 631 4243 P
683 4194 718 4243 80
737 4188 778 4244 cll
795 4205 845 4244 om.
865 4190 893 4244 P
