3322 5190
338 825 407 895 600
565 820 1132 885 mummolenum

338 987 559 1059 subiretarum
582 987 802 1075 'spheram
831 987 979 1057 oriinenr
1013 991 1204 1077 motumque
1241 1010 1286 1057 ae
1329 991 1376 1059 (le

338 1080 432 1147 nrotn
449 1097 567 1146 wnanr
594 1076 744 1146 ualeatis
765 1075 1044 1147 undasundas
1067 1080 1284 1146 stramem
1312 1101 1372 1147 ex·

338 1166 516 1255 pliesntenr
543 1167 579 1233 et
603 1185 712 1234 aerem
733 1163 902 1234 subditum
928 1164 1026 1233 lunae
1047 1163 1219 1235 Tullianus
1247 1187 1372 1236 sermo

338 1275 398 1342 par
431 1252 616 1321 samaria
650 1257 686 1320 st
720 1254 887 1340 pnassnti
921 1254 1014 1359 operi
1050 1257 1129 1341 epta
1162 1253 1282 1321 duetus
1320 1256 1369 1322 ad

338 1344 461 1410 tamnu
483 1363 587 1429 usqne
614 1340 795 1429 descripsit,
816 1340 920 1426 ipsius
942 1361 1010 1408 aena
1034 1345 1142 1411 tenes
1163 1340 1369 1428 duorlpflo·
1395 1358 1414 1404 a

307 1429 414 1498 onem
444 1429 614 1496 narborem
639 1449 772 1515 paens,
800 1449 909 1496 rernm
936 1426 1092 1497 ineundus
1119 1428 1270 1497 absoluit
1327 1435 1368 1497 ei

339 1518 428 1584 enim
455 1517 600 1584 maenaa
620 1515 864 1584 habitationum
884 1536 924 1583 aa
945 1516 1088 1604 deipsis
1109 1516 1366 1584 habitatoribus

339 1604 422 1671 elios
443 1604 645 1689 interruptos
667 1600 900 1688 arianusque,
921 1601 1047 1671 oblieos
1068 1604 1169 1670 etiarn
1191 1606 1225 1668 st
1245 1606 1364 1670 asna

338 1711 452 1757 nereos
474 1689 557 1756 alios
569 1688 767 1757 nominando
784 1691 1105 1777 tenmuaphaeras
1118 1688 1362 1776 globositatem

308 1775 469 1845 ttantnna
493 1798 561 1845 non
587 1776 751 1845 coloribus
772 1777 886 1863 pinxit
929 1777 1011 1848 sslud
1032 1800 1076 1864 qn
1118 1798 1161 1843 ue
1185 1797 1254 1844 non
1279 1776 1362 1846 sins
1376 1795 1407 1838 ss

314 1864 537 1953 ,pensatione
572 1864 738 1933 doetrinae
773 1874 837 1951 sat,
867 1864 954 1951 qnod
983 1886 1057 1934 enm
1076 1798 1162 1934 03η·
1192 1885 1254 1935 nos
1283 1885 1362 1932 non

340 1954 610 2043 petituram,
636 1955 693 2042 qni
714 1957 837 2022 terrena
863 1954 964 2022 semel
989 1953 1078 2044 oingi
1100 1950 1228 2022 Oesnno
1251 1953 1360 2021 eredi-

340 2043 466 2112 derunt
509 2066 586 2112 nem
609 2043 639 2111 si
660 2043 797 2111 dixisset
818 2043 943 2111 omnia
966 2047 1071 2110 terra
1092 2063 1213 2131 perne
1237 2062 1359 2130 qnas-

340 2133 424 2203 darn
459 2137 521 2202 sat
551 2133 683 2202 insula
724 2131 960 2202 oirounrinsa
994 2133 1067 2202 illo
1102 2132 1212 2215 nari,
1251 2154 1358 2202 unnrn

341 2224 463 2294 Ooeeni
481 2225 641 2292 ambitum
660 2223 802 2293 dedisset
817 2223 976 2314 intellegi,
993 2224 1050 2292 sed
1068 2220 1236 2292 sdioiendo
1254 2246 1357 2312 quse
1373 2242 1403 2286 aa

340 2316 486 2385 colitur
517 2337 539 2384 s
568 2313 694 2403 uobis,
725 2336 836 2383 noram
871 2313 942 2382 eius
973 2315 1166 2383 diuisionem
1217 2313 1256 2381 ds
1287 2335 1359 2401 qna

339 2406 438 2492 paulo
455 2407 532 2491 post
547 2403 752 2491 disseremus,
769 2424 867 2472 nossa
880 2403 1086 2489 sapientibus
1103 2364 1357 2489 intellegendum

310 2493 481 2581 'lreliquit
508 2493 548 2560 (le
562 2491 705 2580 quinque
722 2497 832 2559 eutem
845 2492 984 2578 cingulis
997 2513 1049 2575 ns,
1061 2490 1357 2580 quassantium

339 2582 478 2649 duorum
512 2580 681 2659 &munao
720 2579 894 2647 meisa
928 2584 1100 2665 parentum
1134 2577 1279 2646 Maronia
1300 2585 1358 2646 'et

339 2669 442 2736 Tullii
471 2669 643 2736 dissentire
670 2668 864 2754 doctrinam,
895 2688 970 2734 enm
991 2667 1045 2734 hie
1071 2668 1152 2753 ipsis
1179 2667 1353 2754 cingulis
1369 2684 1400 2726 ω

338 2764 481 2826 terram
514 2758 733 2824 redimitam
760 2757 863 2843 dieat,
890 2757 946 2822 ille
973 2757 1090 2838 isdem,
1118 2779 1198 2843 quus
1228 2755 1353 2822 Graeeo

340 2850 470 2914 nomine
488 2859 604 2913 nonas
624 2852 730 2933 noent,
753 2847 883 2913 adserat
900 2846 1048 2913 eaelum
1067 2847 1206 2931 teneri,
1229 2851 1353 2911 utrum-

340 2960 402 3024 que
421 2938 508 3003 enim
527 2938 750 3019 incorruptam
769 2957 943 3020 ueramque
966 2958 1025 3002 nec
1043 2936 1138 3002 altari
1156 2935 1352 3001 contrariam

339 3025 488 3091 retulisse
514 3027 689 3108 rationem,
719 3024 911 3107 procedente
935 3024 1156 3108 disputatione
1179 3024 1351 3089 constabit.

308 3113 395 3179 8ssd
426 3116 463 3177 ut
489 3113 611 3194 omnia,
639 3133 721 3195 quaa
749 3112 811 3175 hoo
834 3112 906 3176 loeo
934 3111 1138 3194 explananda
1164 3111 1397 3193 recepimus,ra

339 3200 463 3284 liquare
491 3200 630 3282 possint,
657 3197 826 3263 habendus
853 3203 904 3263 eat
930 3199 1071 3282 primum
1095 3219 1200 3263 sermo
1223 3198 1263 3262 de
1285 3197 1352 3261 oin·

339 3288 440 3373 gulis,
476 3287 553 3371 quia
589 3287 654 3351 situ
691 3308 802 3350 eorum
839 3290 915 3351 anta
953 3286 1064 3352 oculos
1101 3286 1207 3350 locato
1245 3289 1353 3350 cetera

339 3380 436 3442 erunt
456 3375 634 3440 intellectui
647 3376 809 3459 proniora
846 3375 936 3458 prius
950 3377 1058 3440 autem
1077 3374 1216 3460 qualiter
1229 3377 1352 3439 terreni

339 3469 504 3548 coronent,
527 3463 642 3529 deinde
665 3464 820 3549 quemad
843 3462 973 3529 modurn
993 3464 1116 3530 eaelum
1135 3467 1275 3547 teneant,
1298 3485 1353 3528 ex-

308 3552 525 3640 9plieandum
557 3556 615 3618 est.
660 3556 748 3618 terra
784 3573 872 3617 nona
903 3558 938 3617 et
972 3551 1089 3619 ultima
1125 3552 1261 3638 sphaera
1292 3559 1396 3618 eat-‚ao

339 3643 424 3708 hano
452 3641 570 3707 diuidit
595 3640 745 3726 horizon,
772 3641 804 3705 id
832 3644 884 3706 est
910 3640 1015 3705 finalis
1039 3641 1191 3726 circulus,
1220 3641 1259 3705 da
1286 3661 1352 3724 quo

412 3834 583 3905 llperarnm
598 3833 627 3888 B
680 3832 899 3902 tobquuospB
954 3833 1063 3907 tiparp
1077 3832 1105 3886 B
1155 3836 1188 3887 10
1202 3833 1352 3903 panontB

340 3912 372 3963 ¹²
392 3905 581 4033 illitis
647 3902 1092 4045 ¹⁵2¹3¹“¹¹1l¹„ln2{3l⁸1›2,
1114 3903 1353 4032 :talem

338 3984 374 4108 ll
391 3996 531 4104 retulisset
548 4048 576 4102 B
683 4052 717 4103 to
748 4049 778 4102 et
795 4047 824 4103 B
931 4051 965 4102 28
983 4046 1141 4103 intelleetnr
1157 4017 1240 4102 erunt
1257 4050 1351 4117 (arunt

337 4118 504 4248 33:254}
574 4123 608 4176 29
628 4121 762 4174 sonorsnt
779 4118 813 4187 P,
832 4118 997 4188 oororantp
1067 4123 1103 4174 80
1120 4116 1200 4188 l'pare
1217 4117 1246 4171 B
1313 4121 1348 4171 81
