3322 5190
612 805 763 862 1111-11
789 803 829 860 x!
848 808 918 860 1-1
1207 800 1273 868 611

257 963 510 1050 intellegendum
538 967 590 1030 est
616 986 713 1050 quam
741 965 826 1031 mori
854 966 1012 1049 ammam,
1039 985 1114 1030 oum
1141 963 1183 1030 ed
1205 984 1273 1030 oor·

258 1051 346 1136 poris
365 1052 493 1118 inferna
512 1051 719 1139 demergitur,
740 1054 849 1119 uiuere
867 1055 986 1138 autem,
1004 1074 1078 1118 cum
1097 1053 1138 1118 ad
1156 1072 1274 1137 supere

258 1143 335 1224 post
356 1162 473 1225 corpus
496 1140 629 1207 euadit?

345 1263 525 1330 Dicendum
549 1268 608 1350 est,
631 1265 709 1352 quid
732 1264 784 1331 his
802 1266 918 1352 postea
936 1263 1006 1330 ueri
1027 1263 1200 1330 sollicitior
1217 1265 1264 1331 in·
1278 1262 1325 1330 Xl

229 1352 394 1438 equieitor
424 1352 653 1507 philosophiae
685 1354 792 1421 cultus
828 1353 988 1420 adiecerit
1042 1375 1118 1419 nam
1151 1359 1186 1421 et
1216 1354 1272 1442 qui

256 1441 395 1529 primum
450 1442 645 1531 ythegorem
678 1448 712 1511 et
743 1444 799 1531 qui
829 1446 944 1530 postea
972 1441 1141 1510 Platonem
1169 1444 1272 1511 secuti

258 1534 346 1614 sunt,
375 1530 455 1597 dues
483 1553 555 1598 esse
583 1537 719 1616 mortes,
751 1555 848 1599 unam
878 1533 1019 1617 animae,
1047 1532 1198 1599 animalis
1227 1535 1272 1599 al·
1313 1536 1316 1542 ’

257 1624 360 1685 teram
383 1620 609 1706 prodiderunt,
636 1622 719 1687 mori
743 1621 878 1707 animal,
906 1644 980 1688 cum
1004 1623 1113 1688 eninm
1136 1622 1271 1689 discedit

257 1731 275 1773 e
298 1730 446 1794 corpore,
473 1709 579 1796 ipsam
602 1733 681 1776 uero
705 1711 845 1777 enimam
870 1711 952 1776 mori
975 1710 1175 1798 adserentes,
1197 1734 1271 1778 cum

221 1815 281 1863 wa
303 1797 442 1883 simplici
466 1802 500 1865 et
521 1798 686 1867 indiuiduo
712 1801 801 1866 fonte
823 1803 959 1865 naturae
982 1799 1017 1865 in
1039 1801 1186 1866 membra
1204 1822 1272 1868 cor-

257 1909 358 1973 poree
388 1887 574 1974 dissipetur.
620 1892 653 1954 et
680 1888 758 1975 quia
788 1910 855 1953 una
886 1910 926 1953 ex
957 1887 1008 1954 his
1036 1887 1212 1955 manifesta
1239 1891 1303 1956 et2

258 1976 408 2043 omnibus
435 1980 516 2044 note
542 1981 606 2065 est,
633 1979 737 2044 altere
763 1999 830 2045 non
856 1977 921 2042 nisi
950 1999 970 2041 a
993 1978 1196 2062 sapientibus
1219 1978 1273 2044 de-

257 2067 429 2152 prehensa,
461 2067 577 2132 ceteris
609 2089 680 2134 eem
712 2067 817 2132 uitam
848 2087 919 2133 esse
948 2066 1167 2135 credentibusz
1199 2068 1272 2135 ideo

258 2156 321 2220 hoc
352 2155 523 2240 ignoretur
555 2179 576 2220 a
608 2156 756 2240 plurimis
784 2176 842 2221 cur
869 2155 1006 2220 eundem
1034 2156 1149 2222 mortis
1176 2156 1272 2223 deum

220 2259 245 2302 11
260 2243 356 2309 modo
379 2243 504 2329 Ditem,
531 2244 627 2310 modo
650 2243 798 2310 inmitem
822 2265 988 2346 uocemus²
1015 2265 1088 2309 cum
1111 2266 1171 2331 por
1194 2247 1272 2311 alte·

258 2354 343 2416 ram,
371 2331 403 2397 id
432 2336 482 2397 est
504 2332 668 2417 animalis,
695 2336 832 2398 mortem
857 2332 985 2399 ebsolur
1008 2333 1152 2399 animam
1175 2338 1210 2400 et
1232 2335 1272 2401 ad

259 2444 354 2486 noros
382 2426 517 2487 naturae
545 2422 678 2488 diuitias
706 2425 804 2507 etque
830 2422 870 2487 ad
897 2421 1063 2508 propriam
1086 2423 1272 2491 libertatem

259 2511 382 2576 remitti
406 2511 550 2578 ferretum
574 2535 691 2578 nomen
715 2512 834 2579 indicio
858 2511 916 2598 sit,
942 2533 1001 2597 per
1024 2512 1162 2578 alterum
1186 2535 1274 2601 uero,

262 2623 343 2685 quae
367 2601 466 2688 uulgo
490 2603 560 2667 uita
583 2601 800 2685 existimetur,
828 2601 972 2666 animam
996 2600 1035 2665 de
1058 2600 1273 2668 inmortalita-

219 2704 246 2747 11
261 2691 305 2754 tis
343 2712 419 2754 suec
456 2690 528 2755 luce
565 2690 605 2755 ad
638 2689 794 2774 quasdem
826 2689 977 2754 tenebras
1010 2690 1126 2754 mortis
1159 2689 1274 2776 inpelli

259 2776 411 2844 uocebuli
441 2780 598 2843 testemur
623 2778 766 2842 horrore.
816 2799 893 2842 nam
920 2779 959 2840 ut
986 2780 1115 2842 constet
1141 2779 1304 2863 animali}

259 2885 391 2928 necesso
415 2867 473 2949 est,
497 2865 590 2929 utin
613 2887 748 2948 corpore
771 2866 882 2930 anima
903 2863 1079 2929 uinciatur:
1107 2864 1180 2930 ideo
1203 2888 1273 2930 cor·

259 2973 320 3035 pus
349 2949 466 3036 δέμας,
493 2951 556 3016 hoc
584 2953 636 3016 est
658 2952 838 3034 uinculum,
870 2955 1091 3037 nuncupetur,
1118 2953 1153 3015 et
1179 2961 1274 3036 σῶμα

262 3038 355 3123 quasi
379 3039 542 3122 quoddam
565 3048 664 3124 σῆμα,
686 3040 719 3104 id
744 3043 795 3104 est
817 3039 944 3105 animae
968 3039 1166 3123 sepulcrum:
1190 3042 1274 3106 unde

222 3141 249 3184 ²⁵
263 3127 375 3192 Cicero
399 3128 524 3210 pariter
547 3131 720 3213 utrumque
743 3127 944 3213 significans,
968 3149 1086 3212 corpus
1110 3150 1180 3195 esse
1203 3129 1273 3194 uin·

262 3216 378 3303 culum,
401 3239 520 3302 corpus
544 3239 615 3283 esee
638 3217 833 3302 sepulcrum,
856 3217 942 3301 quod
965 3239 1075 3286 carcer
1098 3221 1150 3283 est
1168 3218 1273 3304 sepul·

262 3310 370 3372 torum
403 3306 463 3391 nit,
496 3307 560 3390 qui
589 3330 606 3373 e
633 3328 836 3391 corporum
864 3305 1007 3372 uinclis
1035 3308 1229 3393 tamquam
1256 3329 1275 3373 e

264 3417 417 3462 carcere
441 3396 708 3462 euoleuerunt
745 3395 866 3461 inferos
890 3398 998 3462 autem
1022 3393 1185 3463 Platonici
1207 3396 1306 3465 non4

334 3678 537 3748 adimergrtur
554 3679 582 3733 Β
641 3677 851 3752 tphrlolophrp
870 3673 907 3732 P'
968 3679 1060 3734 cultor
1078 3679 1106 3734 Β
1160 3680 1274 3747 epyro-

262 3765 349 3820 goran
368 3765 437 3805 corr.
456 3752 489 3804 io
506 3752 665 3836 pytagorae
684 3751 717 3803 in
733 3748 762 3803 Β
831 3755 855 3833 ,9
874 3748 1026 3805 efferantes
1041 3749 1069 3804 Β
1148 3754 1181 3804 lu
1200 3749 1274 3822 eam]

263 3822 349 4013 ep
368 3817 979 3962 {murmurmurmu-
986 3819 1276 3946 111·111111

264 3963 315 4016 11111
359 3967 471 4032 practer
489 3978 580 4017 mmor
598 3962 672 4031 1111)
692 3993 724 4047 1-
746 3968 780 4016 20
798 3961 1136 4048 11111111111111111111111111
1153 3962 1181 4016 Β
1241 3966 1275 4018 11

262 4031 372 4102 impelr
395 4032 429 4101 Ρ,
451 4032 575 4102 impellit
596 4049 665 4090 corr.
688 4049 721 4088 m
743 4032 853 4117 impelli
875 4034 959 4124 11111
1060 4037 1094 4087 11
1117 4034 1151 4087 ut
1173 4048 1224 4120 1111..
1247 4034 1276 4089 Β

264 4109 299 4228 11
319 4102 492 4230 Stetit
553 4104 788 4231 &tillim
808 4102 995 4244 liniens
1015 4109 1059 4228 1²9⁴
1082 4103 1228 4174 [ΨΜ
1246 4104 1276 4159 ⁸
