3442 5190
775 854 829 907 xli
848 859 934 908 8-11
1325 854 1369 918 59

355 1013 550 1079 turmalibus:
573 1013 662 1099 illae,
685 1017 723 1078 nt
744 1014 905 1099 principio
930 1015 1006 1080 anni
1036 1015 1076 1080 ad
1099 1017 1289 1100 promptum
1312 1015 1367 1080 ob-

354 1101 500 1186 sequium
526 1102 648 1168 honore
676 1123 789 1168 seruos
818 1102 1011 1189 inuitarent,
1043 1103 1090 1189 hi,
1123 1105 1199 1190 quia
1227 1105 1368 1190 gratiam

354 1190 488 1273 perfecti
512 1192 616 1275 operis
640 1192 853 1257 exsoluerent.

441 1277 624 1344 Secundum
646 1301 791 1345 mensem
820 1281 1005 1346 nominauit
1026 1278 1214 1365 Aprilem,
1241 1283 1278 1346 ut
1301 1281 1398 1366 qui-8

329 1365 425 1432 edam
462 1370 579 1453 putant
614 1390 687 1433 cum
720 1368 940 1454 adspiratione
970 1370 1064 1454 quasi
1094 1368 1312 1456 Aphrilem,
1349 1392 1369 1435 a

354 1476 467 1539 spuma
495 1479 591 1542 quarn
612 1455 729 1523 Graeci
752 1451 865 1542 ἀφρὸν
887 1462 1022 1536 uocant,
1051 1459 1135 1523 unde
1157 1461 1230 1523 orta
1253 1456 1365 1524 Venus

354 1547 505 1632 creditur,
528 1550 562 1612 et
583 1547 666 1612 hanc
686 1547 817 1612 ltomuii
841 1550 991 1613 asserunt
1013 1547 1114 1612 fuisse
1136 1547 1307 1633 rationem,
1329 1551 1368 1613 ut

353 1634 492 1719 primum
511 1635 640 1722 quidem
659 1659 802 1702 mensem
822 1660 841 1702 e
860 1640 955 1723 patre
974 1659 1033 1702 suo
1052 1636 1167 1722 Marte,
1190 1636 1365 1703 secundum

352 1723 391 1787 ab
410 1722 541 1790 Aeneae
560 1730 663 1791 matre
680 1724 807 1791 Venere
830 1726 1023 1811 nominaret,
1046 1729 1079 1790 et
1101 1725 1138 1790 hi
1156 1725 1365 1810 potissimum

317 1814 429 1878 ioanni
451 1814 612 1900 principia
638 1819 818 1900 seruarent,
845 1815 1006 1901 aquibus
1030 1818 1118 1881 esset
1140 1814 1280 1880 Romani
1306 1836 1365 1880 no·

352 1902 447 1968 minis
471 1904 572 1989 origo,
603 1925 676 1970 cum
700 1904 860 1990 hodieque
881 1905 917 1970 in
941 1905 1042 1971 sacris
1064 1903 1204 1969 Martem
1227 1908 1365 1989 petrem,

352 1989 509 2057 Venerem
532 1995 727 2078 genetricem
751 2016 912 2060 uocemue.
962 1995 1018 2060 alii
1045 1996 1165 2079 putant
1187 1993 1394 2060 Romulumi)

351 2080 402 2144 uel
426 2081 541 2147 altiore
560 2082 731 2167 prudentia
749 2083 801 2148 uel
825 2084 905 2149 certi
928 2084 1071 2148 numinis
1090 2081 1299 2168 prouidentia
1317 2083 1364 2147 ita

349 2170 471 2251 primos
504 2171 668 2236 ordinasse
698 2193 824 2236 menses
851 2173 903 2257 ut,
930 2193 1003 2236 cnm
1035 2171 1230 2253 praecedens
1262 2170 1363 2236 Marti

313 2276 337 2317 ιι
352 2261 435 2322 esset
466 2258 592 2323 dicatus
625 2260 685 2323 deo
712 2260 903 2343 plerumque
935 2259 1104 2323 hominum
1136 2259 1293 2342 necatori,
1325 2261 1363 2324 ut

349 2342 509 2409 Homerus
532 2348 665 2411 naturae
689 2346 835 2411 conscius
859 2347 908 2410 ait

433 2458 526 2549 ’Λοες
540 2465 637 2552 ’Ἆρες
658 2464 854 2553 βροτολοιγὲ
876 2472 1033 2553 μιαιφόνε
1056 2472 1281 2554 τειχεσιβλῆτα

350 2592 507 2658 secundus
535 2592 653 2657 Veneri
681 2592 851 2678 dicaretur,
881 2615 964 2678 quae
992 2593 1059 2658 uim
1088 2593 1158 2658 eius
1186 2594 1280 2678 quasi
1307 2594 1361 2658 be·

349 2682 451 2747 nefica
487 2682 609 2746 leniret
654 2703 731 2745 nam
764 2684 797 2746 et
827 2683 861 2746 in
893 2682 1061 2746 duodecim
1093 2682 1217 2748 zodiaci
1245 2683 1360 2768 signis,
1373 2685 1416 2749 10

309 2792 336 2831 ιο
350 2792 486 2854 quorum
509 2773 598 2836 certa
621 2773 785 2836 certorum
808 2771 978 2836 numinum
997 2771 1161 2837 domicilia
1179 2771 1362 2854 creduntur,

349 2881 419 2923 cum
460 2860 600 2943 primum
643 2860 772 2944 signum
808 2858 905 2924 Aries
943 2859 1042 2923 Marti
1079 2859 1271 2944 adsignatus
1308 2860 1361 2940 sit,

348 2967 485 3031 sequens
504 2968 580 3011 mox
597 2945 766 3032 Venerem,
789 2948 820 3012 id
841 2950 891 3013 est
908 2946 1043 3029 Taurus,
1066 2949 1199 3033 accepit.
1240 2951 1273 3013 et
1291 2970 1358 3012 rur·
1373 2953 1411 3017 11

348 3057 401 3100 sus
429 3059 447 3100 ο
470 3035 603 3121 regione
631 3034 783 3121 Scorpius
811 3036 859 3102 its
886 3036 1008 3102 diuisus
1032 3043 1094 3121 est,
1121 3041 1159 3101 ut
1185 3038 1245 3103 deo
1274 3041 1362 3102 esset

348 3126 474 3212 utrique
507 3126 696 3192 communie.
755 3149 814 3192 nec
847 3127 1039 3191 aestimatur
1071 3127 1197 3192 ratione
1227 3127 1361 3192 caelesti

307 3234 333 3274 ιι
349 3237 454 3280 carere
474 3216 546 3300 ipsa
565 3215 691 3300 diuisio,
714 3216 874 3301 siquidem
893 3216 1004 3281 aculeo
1023 3216 1114 3280 uelut
1131 3216 1360 3299 potentissimo

348 3304 411 3368 telo
449 3325 526 3388 pars
559 3307 685 3369 armata
721 3304 884 3389 posterior
915 3304 1115 3369 domicilium
1147 3303 1265 3369 Martis
1298 3308 1361 3388 est,

347 3391 484 3472 priorem
514 3412 592 3456 uero
620 3394 761 3476 partem,
792 3392 843 3456 cui
872 3390 983 3474 Ζυγὸς
1012 3389 1098 3476 apud
1131 3389 1272 3457 Graecos
1304 3414 1360 3457 no-

348 3499 420 3543 men
445 3481 507 3559 est,
534 3500 594 3543 nos
617 3478 751 3543 Libram
775 3501 943 3564 uocemue,
970 3479 1081 3544 Venus
1109 3480 1248 3564 accepit,
1278 3501 1361 3564 quae

299 3622 306 3634 “
419 3652 599 3707 unsa

417 3813 583 3865 inominao
602 3810 631 3865 Β
689 3809 808 3878 oputat
827 3805 862 3862 Ρ
921 3807 1089 3878 aspiratione
1107 3809 1160 3880 (P)
1219 3814 1316 3879 ogeor
1334 3809 1364 3864 P

346 3878 423 3936 airon
442 3881 503 3934 BP
563 3878 678 3936 'limfis
698 3879 822 3934 efferunt
841 3879 870 3932 P
933 3884 965 3934 12
985 3879 1193 3991 geurtncemAP
1261 3883 1293 3932 18
1312 3878 1359 3934 uel

350 4005 417 4058 certi
435 4004 557 4060 nominis
568 4004 574 4077 Ι
588 4002 743 4080 purdentra
760 4004 826 4059 add.
845 4005 894 4059 Bm
955 4010 986 4059 17
1006 4005 1219 4060 ΤΕΙΧΕΕΙΒΗΤΛ
1240 4004 1268 4058 Ρ
1326 4008 1359 4057 19

347 4075 459 4131 aodoacr
479 4074 513 4130 Ρ
568 4081 602 4131 21
622 4074 800 4146 adsignatum
818 4076 855 4144 B,
872 4074 1033 4145 'assignatus
1043 4077 1071 4132 P
1123 4083 1157 4131 26
1176 4076 1234 4130 telo
1248 4081 1360 4146 praeter

348 4148 414 4202 oin
430 4164 485 4204 rue.
506 4149 538 4204 ιἰι
558 4148 586 4202 Ρ
651 4153 686 4202 27
705 4164 772 4203 uero
790 4149 823 4203 ιἰι
841 4164 896 4204 roe.
915 4149 947 4203 ιἰι
966 4148 995 4203 Ρ
1060 4149 1175 4204 ΖΥΡΟΕ
1198 4147 1233 4218 P,
1256 4147 1360 4203 zfsoc

348 4221 421 4287 (cute
438 4236 484 4273 cur
501 4220 579 4288 odd.)
598 4220 615 4275 b
