3322 5190
384 806 454 873 430
765 804 841 863 ΕΔΤ.
859 804 957 861 alsat
976 804 1027 861 vu

600 966 731 1051 ψυχρὸν
754 962 785 1029 d’
812 963 865 1030 fis
887 966 1012 1049 χαλκὸν
1034 965 1187 1048 ὀδοῦσιν,

387 1087 416 1156 si
438 1092 550 1155 tamen
572 1087 675 1155 solem
699 1087 878 1174 pertulerit,
899 1087 1095 1154 concalescit
1114 1092 1148 1153 et
1166 1088 1257 1154 calor
1275 1086 1400 1154 aduena

387 1178 537 1245 nabumn
569 1176 674 1265 frigus
707 1177 849 1263 expellit.
899 1177 963 1243 hoc
996 1180 1103 1243 utrum
1136 1177 1184 1243 ita
1215 1198 1286 1243 esse
1313 1178 1398 1243 ratio

355 1268 376 1335 3
387 1266 581 1355 persuadeat
608 1267 818 1353 requiramus.
863 1266 976 1333 uinum
1004 1271 1061 1333 aut
1085 1271 1165 1351 potu
1188 1265 1398 1332 interioribus

383 1355 575 1425 conciliatur
597 1360 655 1421 aut
678 1356 763 1441 fotu,
791 1360 829 1422 ut
852 1356 1057 1441 superficiem
1079 1361 1185 1438 curet,
1216 1355 1398 1422 adhibetur.
1425 1380 1439 1421 a

383 1466 457 1513 cum
479 1444 661 1511 infunditur
682 1447 761 1531 cuti,
782 1444 861 1531 quin
884 1443 1039 1531 frigidum
1062 1445 1107 1511 sit
1127 1466 1188 1511 nec
1210 1444 1328 1510 medici
1351 1444 1398 1509 in-

383 1534 470 1601 fitias
506 1540 600 1617 eunt,
635 1533 776 1599 calidum
811 1539 922 1599 tamen
953 1534 988 1598 in
1024 1534 1236 1599 interioribus
1273 1533 1397 1617 praedi·

384 1626 475 1709 cant,
501 1644 575 1688 cum
601 1644 668 1688 non
695 1622 761 1687 tale
788 1621 961 1689 descendat
989 1623 1046 1688 sed
1074 1622 1255 1688 admixtum
1284 1620 1397 1687 calidis

353 1712 596 1779 dcuncalcscat.
645 1716 734 1776 certe
765 1711 981 1795 respondeant
1013 1712 1104 1795 uolo,
1140 1732 1197 1777 cur
1228 1710 1397 1775 stomacho

385 1800 421 1865 in
444 1800 670 1865 lassitudinem
693 1799 905 1883 degeneranti
928 1798 969 1865 ad
992 1799 1219 1864 instaurandas
1242 1798 1398 1863 constric-
1412 1823 1439 1863 ιο

385 1887 476 1953 tione
495 1886 581 1953 uires
600 1886 738 1953 offerant
756 1887 956 1973 aegrescenti
975 1886 1097 1967 uinum,
1115 1888 1178 1951 nisi
1199 1886 1320 1971 frigore
1338 1907 1397 1950 suo

387 1974 512 2041 lassata
535 1980 666 2060 cogeret
688 1980 721 2039 et
742 1974 913 2060 colligeret
932 1974 1117 2041 dissoluta?
1153 1979 1186 2040 et
1204 1995 1276 2039 cum
1301 1974 1398 2053 lasso,

387 2066 426 2129 at
446 2062 522 2145 dixi,
545 2063 715 2128 stomacho
737 2062 820 2128 nibil
844 2062 1021 2128 adhibeant
1042 2062 1194 2142 calidam,
1215 2083 1256 2127 ne
1274 2065 1399 2128 crescat

386 2150 524 2217 ulterius
551 2150 725 2232 lassitudo,
752 2174 773 2216 a
797 2151 866 2215 uini
889 2154 968 2235 potu
991 2173 1058 2216 raon
1079 2150 1267 2235 prohibent,
1295 2150 1399 2215 defec-

355 2240 457 2305 btum
488 2238 523 2303 in
554 2238 656 2303 robur
686 2238 748 2303 hac
780 2239 948 2304 curatione
976 2243 1149 2305 mutantes.
1199 2238 1284 2303 dabo
1311 2237 1398 2303 aliud
1413 2261 1440 2303 ιι

385 2324 541 2391 indicium
568 2324 747 2391 accidentis
771 2327 848 2392 uino
872 2347 969 2411 quarn
992 2325 1129 2411 ingeniti
1152 2326 1280 2392 caloris.
1324 2348 1399 2390 nam

385 2412 488 2499 siquis
515 2413 679 2479 aconitum
708 2413 856 2478 nesciens
884 2413 1044 2498 hauserit,
1070 2434 1138 2479 non
1165 2434 1250 2499 nego
1278 2412 1400 2479 haustu

385 2522 459 2567 curn
486 2502 568 2567 meri
595 2500 727 2585 plurimi
754 2500 860 2567 solere
887 2501 1005 2568 curari.
1049 2502 1193 2567 infusum
1221 2501 1308 2566 enim
1334 2501 1400 2567 uis-

384 2588 513 2655 ceribus
541 2588 644 2655 trabit
671 2588 712 2674 ad
735 2611 770 2655 se
793 2590 934 2655 calorem
957 2595 991 2655 et
1013 2611 1137 2655 ueneno
1160 2588 1282 2674 frigido
1306 2592 1399 2674 quasi

385 2676 525 2743 calidum
548 2679 614 2743 iarn
637 2682 808 2762 repugnat
853 2678 882 2743 si
906 2699 982 2743 uero
1007 2679 1173 2744 aconitum
1195 2679 1301 2762 ipsum
1325 2700 1397 2745 carn
1412 2704 1439 2746 m

387 2766 462 2832 uino
487 2766 601 2832 tritum
622 2767 716 2851 potui
735 2768 848 2832 datum
867 2767 920 2850 sit,
943 2767 1146 2833 haurientem
1164 2769 1255 2834 nulla
1273 2768 1397 2833 curatio

355 2860 406 2925 6a
429 2860 534 2921 morte
559 2856 712 2922 defendit.
758 2862 835 2923 tunc
858 2859 944 2923 enirn
968 2858 1080 2923 uinum
1104 2862 1221 2924 natura
1245 2857 1398 2944 frigidum

387 2946 584 3012 admixtione
612 2946 662 3011 sui
690 2946 793 3031 frigus
821 2948 912 3012 auxit
938 2948 1068 3029 ueneni,
1091 2970 1151 3012 ncc
1178 2948 1212 3011 in
1238 2947 1397 3012 infcriori-

387 3034 448 3099 bus
471 3035 537 3098 iam
559 3034 699 3117 calescit,
723 3035 799 3118 quia
816 3056 883 3099 non
902 3035 1038 3099 libcmm
1058 3036 1114 3100 scd
1134 3035 1313 3100 admixtum
1332 3036 1397 3117 alii,

357 3121 486 3191 ‘limmo
514 3122 548 3186 in
576 3122 662 3186 aliud
690 3143 820 3186 uersum
849 3122 1014 3187 descendit
1041 3123 1075 3187 in
1104 3123 1233 3187 uiscera.
1280 3123 1335 3187 sed
1365 3129 1398 3187 et
1412 3147 1438 3188 ιι

386 3208 503 3275 sudore
530 3209 632 3274 nimio
661 3211 711 3273 uel
740 3210 850 3274 laxato
875 3216 989 3274 uentre
1012 3210 1147 3275 defessis
1171 3211 1283 3275 uinum
1306 3213 1397 3295 inge·

386 3301 477 3382 runt,
505 3301 540 3362 nt
566 3296 600 3362 in
627 3302 765 3382 utroque
795 3299 909 3363 morbo
938 3299 1141 3385 constringat
1168 3303 1303 3364 meatus.
1348 3300 1396 3364 in·

387 3407 532 3450 somnam
551 3386 667 3451 medici
687 3386 815 3472 frigidis
836 3387 985 3451 oblinunt
1006 3388 1100 3452 modo
1121 3388 1290 3471 papaueris
1309 3409 1397 3469 sucu,

388 3474 482 3539 modo
517 3476 734 3559 mandragora
770 3474 823 3539 uel
861 3475 1035 3560 similibus,
1067 3477 1100 3540 iu
1133 3476 1249 3560 quibus
1282 3481 1333 3542 est
1365 3484 1398 3541 et

386 3562 507 3645 uinum,
530 3584 606 3628 nam
630 3563 707 3629 uino
731 3586 864 3629 somnus
886 3565 997 3629 reduci
1020 3565 1113 3649 solet,
1136 3565 1220 3649 quod
1244 3587 1309 3630 non
1333 3566 1396 3631 nisi
1410 3591 1437 3632 ao

356 3650 526 3736 8ingeniti
544 3651 678 3738 frigoris
698 3653 921 3718 testimonium
940 3660 997 3717 est.
1032 3652 1145 3719 deinde
1165 3653 1274 3719 omnia
1292 3654 1398 3720 calida

459 3842 562 3897 111.Ε
584 3848 617 3896 lb

458 4018 656 4074 sconoaleter
675 4020 703 4073 P
775 4019 947 4074 aduenatruia
966 4021 995 4074 P
1064 4020 1210 4074 brnfrcraf
1224 4021 1253 4075 P
1320 4026 1397 4075 tre·

388 4087 523 4159 spondeat
543 4084 581 4142 P'
665 4092 699 4141 10
718 4089 868 4143 latitudine
887 4090 915 4143 P
930 4088 1177 4159 (laxitudinem-
1197 4090 1293 4146 laxata
1311 4091 1397 4146 Bart-

387 4106 456 4216 teias
476 4158 552 4215 Mas
571 4157 658 4215 Rara.
677 4164 759 4228 1881,
779 4160 847 4228 326)
902 4166 937 4215 ³0
955 4160 1065 4215 reducit
1082 4160 1111 4213 P
