3322 5190
324 891 346 955 6
716 891 795 946 ΒΑΤ.
812 889 911 944 LIBRI
929 890 941 945 1

323 1053 464 1119 seeundo
493 1052 635 1118 aduentu
663 1054 801 1119 Athenis
829 1059 988 1137 morante,
1018 1076 1099 1138 qnos
1131 1056 1233 1120 multo
1261 1059 1336 1119 anta

323 1143 454 1208 infamis
473 1143 530 1207 illa
543 1144 730 1228 pestilentia
745 1144 954 1209 Atheniensis
968 1144 1201 1227 absumpserat
1234 1165 1337 1208 annos

323 1254 401 1316 ergo
416 1233 599 1296 coeuntium
619 1235 705 1297 mitti
723 1234 757 1297 in
776 1234 897 1317 digitos
916 1234 1061 1317 exemplo
1076 1231 1221 1298 Platonis
1240 1233 1338 1298 nobis

290 1321 525 1406 'lsnll'ragante
548 1343 614 1386 non
637 1323 796 1387 conuenit.
833 1343 897 1405 quo
921 1326 1028 1385 antem
1048 1321 1174 1386 facilins
1193 1343 1276 1404 quae
1295 1322 1338 1386 ab

324 1410 474 1472 omnibns
493 1410 579 1473 dicta
593 1417 670 1474 sunt
684 1432 839 1493 apparere
853 1432 891 1473 ae
905 1410 1027 1473 secerni
1042 1415 1186 1493 possent,
1200 1409 1338 1473 Decium
1365 1435 1378 1472 s

323 1496 362 1560 do
395 1496 620 1580 postumiano,
657 1500 787 1582 quinam
822 1498 878 1561 ille
910 1519 1017 1561 sermo
1049 1502 1107 1561 ant
1138 1498 1224 1560 inter
1255 1517 1339 1579 quos

322 1585 452 1669 fuisset,
484 1585 705 1648 sciscitantem
733 1586 875 1649 fecimus.
927 1592 960 1648 et
987 1606 1027 1648 ne
1055 1584 1175 1648 diutins
1203 1585 1338 1649 lectoris

322 1671 483 1736 desideria
514 1694 691 1756 moremur,
722 1675 786 1737 iam
815 1673 904 1736 Decii
933 1677 967 1735 et
993 1670 1196 1737 Postumiani
1227 1693 1338 1738 sermo

322 1760 431 1842 palam
454 1759 552 1825 faciet
574 1783 656 1845 quae
679 1761 774 1825 huius
798 1760 952 1845 colloquii
975 1761 1025 1823 vel
1050 1762 1143 1844 origo
1165 1760 1264 1824 suerit
1282 1761 1337 1825 nel

322 1847 401 1912 ordo
425 1850 626 1931 processerit.
1351 1875 1376 1914 ιο

278 1935 311 2000 ll
415 1937 534 2002 Decius
557 1937 743 2022 ‘temptanti
765 1936 856 2020 mihi,
878 1936 1103 2019 Postumiana,
1131 1935 1238 2000 aditos
1261 1940 1337 2000 tuos

325 2027 359 2088 ct
389 2026 586 2091 mollissima
613 2027 808 2091 consultanti
838 2031 984 2112 tempora
1016 2023 1185 2089 commodo
1218 2024 1339 2089 adsunt

323 2115 438 2198 seriae,
466 2139 545 2200 quas
569 2118 718 2202 indulget
742 2138 860 2201 inagna
882 2139 956 2200 pars
980 2116 1101 2180 morrsis
1124 2112 1204 2178 lano
1228 2114 1338 2181 dicati.

323 2206 439 2270 ceteris
462 2207 547 2269 enim
571 2206 671 2270 formo
695 2206 808 2270 diebus
832 2207 887 2289 qui
909 2205 1099 2289 perorandis
1118 2205 1224 2269 causis
1244 2225 1338 2288 opor·

324 2295 396 2358 luni
424 2299 513 2378 sunt,
540 2294 622 2361 bora
649 2296 779 2361 ornnino
807 2295 962 2381 repperiri
990 2294 1080 2358 nulla
1108 2299 1230 2378 potest,
1258 2293 1336 2378 quin
1353 2321 1377 2360 rs

322 2387 453 2446 tuorum
471 2382 627 2447 clientum
645 2385 779 2467 negotia
798 2385 850 2448 uel
865 2382 1020 2447 delendas
1039 2383 1073 2446 in
1092 2382 1164 2446 loro
1183 2382 1235 2446 uel
1250 2382 1338 2447 domi

323 2469 486 2534 discutias.
527 2493 614 2535 nnnc
636 2477 745 2535 autem
770 2507 811 2517 -
835 2472 902 2535 scio
926 2474 959 2534 te
983 2471 1070 2533 enim
1093 2492 1157 2533 non
1181 2470 1258 2534 ludo
1281 2472 1338 2535 sed

324 2559 409 2621 serio
433 2558 542 2622 feriari
562 2595 603 2604 -
623 2559 651 2622 si
675 2564 725 2622 est
747 2559 949 2622 commodum
973 2558 1177 2640 respondere,
1199 2558 1232 2621 id
1251 2559 1337 2642 quod

325 2650 478 2728 rogatum
503 2646 607 2729 uenio,
630 2646 690 2710 tibi
715 2646 788 2729 ipsi,
811 2650 968 2730 qnantum
992 2645 1142 2729 arbitror,
1166 2635 1238 2709 non'
1255 2646 1336 2709 iniu-

288 2732 473 2818 2eundum,
492 2733 571 2797 mihi
591 2756 668 2798 uero
688 2734 911 2819 gratissimum
926 2734 1049 2798 feceris.
1082 2734 1212 2817 requiro
1227 2739 1335 2798 autem
1351 2763 1376 2801 so

324 2823 384 2887 abs
407 2827 440 2886 ts
465 2822 496 2886 id
520 2823 675 2906 primum,
702 2824 926 2887 interfuerisne
950 2822 1100 2887 conuiuio
1125 2844 1182 2905 per
1205 2823 1336 2905 conplu-

323 2912 431 2976 sculos
450 2911 518 2975 dies
537 2911 691 2975 continua
709 2913 863 2976 comitate
882 2917 1049 2995 renouato,
1072 2910 1166 2994 eique
1186 2913 1337 2993 sermoni,

322 3021 417 3081 quem
459 2999 646 3089 pfaedicoro
686 3001 718 3062 in
756 2999 867 3082 primis
906 3020 1065 3083 quemquo
1102 2999 1187 3081 apud
1224 3020 1336 3062 ornnes

322 3087 473 3149 maximis
500 3107 617 3150 ornare
646 3086 796 3150 laudibus
819 3087 956 3150 diceris?
1004 3107 1097 3170 quem
1122 3085 1251 3168 quidem
1275 3108 1337 3170 ego

323 3195 362 3237 ex
394 3178 487 3257 patre
520 3173 695 3256 audissem,
727 3175 790 3237 nisi
819 3174 978 3256 postilla
1005 3174 1156 3238 conuiuia
1187 3172 1376 3240 Romnum

322 3261 488 3343 profectus
507 3260 644 3344 Neapoli
668 3266 861 3326 moraretur:
885 3262 958 3326 aliis
978 3283 1052 3325 vero
1077 3282 1180 3343 nuper
1202 3261 1335 3325 interlui

324 3347 559 3414 admirantibus
582 3351 757 3414 memoriae
776 3355 850 3415 tuae
868 3351 963 3432 uires,
987 3350 1139 3414 uniuersa
1157 3371 1239 3433 quae
1258 3354 1335 3414 tunc

326 3437 415 3501 dicta
438 3443 514 3501 sunt
536 3460 593 3521 per
615 3439 761 3502 ordinem
784 3460 880 3520 saepe
903 3437 1093 3502 referentis?

288 3527 310 3590 3
414 3524 643 3590 Postumianns
672 3525 745 3590 ‘hoc
773 3549 886 3610 unum,
918 3527 1010 3609 Deci,
1042 3525 1136 3590 nobis
1167 3563 1209 3573 —
1238 3531 1275 3591 ut
1303 3532 1337 3591 et

323 3651 537 3658 —---.-·-.-·----

399 3712 589 3764 lmorontcrn
611 3709 638 3762 P
691 3711 756 3763 rantc
776 3728 825 3764 om.
845 3705 880 3763 Β
936 3709 1022 3762 ‘lilla
1040 3711 1071 3765 in
1089 3727 1143 3765 ros.
1163 3711 1192 3764 in
1207 3710 1235 3762 P
1286 3709 1337 3762 ub-

324 3781 459 3851 sripserat
474 3800 506 3850 p:
526 3781 686 3850 adiniplerot
703 3787 734 3835 ut
752 3781 811 3835 aid.
831 3782 864 3847 Ρ,
883 3781 1043 3835 ullusul'cmt
1063 3783 1089 3836 Β
1157 3789 1173 3835 d
1192 3782 1227 3834 de
1245 3799 1295 3835 one.
1312 3782 1340 3834 P

325 3859 341 3907 '1
361 3853 460 3908 lectori
477 3850 511 3905 Ρ
567 3858 583 3905 t
603 3851 666 3906 lnns
675 3851 712 3905 Β’
768 3859 797 3905 11
821 3852 844 3904 Ι)
861 3854 894 3920 Ρ,
916 3853 1017 3905 llccrul
1032 3854 1078 3906 ΡΗ
1097 3859 1121 3907 el
1133 3855 1173 3908 u'c
1185 3871 1288 3921 scrrrper
1303 3854 1337 3918 Ρ,

324 3923 349 3976 D
366 3941 447 3993 sup.
468 3926 569 3980 liveram
586 3926 650 3979 odd.
670 3924 697 3976 Β
753 3931 786 3978 12
806 3924 925 3979 eomodo
944 3926 977 3992 P,
997 3926 1136 3994 quomodo
1159 3926 1181 3978 ll
1221 3931 1251 3978 13
1272 3941 1336 3978 rouo

319 3995 625 4066 p,1alo(nisisollor)
645 3995 672 4048 P
733 4003 766 4050 lb
786 4013 836 4051 ora
857 3996 891 4049 P'
955 3999 1114 4066 quintorum
1135 3994 1169 4050 Β
1231 4001 1263 4050 17
1284 3997 1336 4050 drl'-

323 4084 372 4122 eas
391 4068 419 4121 B
474 4074 506 4121 19
525 4067 706 4122 iniocundnm
725 4069 750 4135 b,
769 4068 962 4123 socundnmll
1016 4067 1246 4137 2³1mpnm1lB
1301 4075 1335 4123 27

324 4175 540 4229 ammirantibus
555 4175 582 4228 Ρ
646 4148 821 4249 memonudib
840 4177 868 4230 Β
931 4181 964 4230 29
984 4174 1336 4242 12121'0uumunurrn·

323 4251 349 4299 et
366 4247 407 4299 sie
424 4262 526 4315 semper
546 4246 580 4314 P,
599 4263 641 4301 om
659 4247 687 4300 Β
740 4246 832 4302 dicit
