3322 5190
401 837 469 903 450
777 839 854 896 SA'l'.
875 838 972 895 LIBRI
990 839 1041 894 Vll

402 1000 553 1085 partibus
590 1001 630 1065 ad
668 1003 851 1067 satietatem
889 1002 969 1067 dicit
1005 1002 1215 1085 abutendum,
1256 1004 1416 1087 optimum

403 1090 514 1154 uinum
538 1090 608 1154 eine
631 1090 729 1155 dubio
752 1091 952 1176 significans,
974 1091 1059 1176 quod
1085 1092 1117 1155 in
1141 1091 1219 1156 dolii
1244 1090 1417 1157 medietate

404 1179 604 1244 consisteret
654 1180 711 1244 sed
744 1185 777 1244 et
808 1180 870 1245 hoe
902 1201 962 1244 usu
990 1180 1163 1265 probatum
1193 1183 1255 1264 est,
1284 1182 1318 1244 iu
1346 1181 1417 1244 oleo

404 1267 562 1351 optimum
595 1290 679 1348 esee,
711 1268 796 1352 quod
829 1274 1032 1353 supernatat,
1063 1270 1098 1332 iu
1127 1268 1235 1352 melle,
1268 1268 1354 1353 quod
1383 1270 1417 1332 in

404 1355 470 1419 imo
500 1359 559 1421 est.
604 1378 723 1440 quaero
752 1357 865 1442 igitur,
894 1380 950 1421 eur
973 1359 1094 1441 oleum,
1123 1356 1207 1441 quod
1231 1359 1264 1420 in
1288 1378 1415 1421 summo
1442 1377 1455 1416 1

404 1447 463 1526 est,
487 1449 597 1507 uinum
617 1445 702 1527 quod
723 1446 756 1508 in
777 1445 892 1529 medio,
916 1445 980 1509 mel
1000 1446 1086 1529 quod
1105 1445 1139 1508 iu
1158 1444 1268 1528 fundo,
1291 1446 1417 1527 optima

405 1552 476 1594 esse
499 1529 711 1595 credantur‘l'

353 1616 394 1679 14
494 1615 563 1682 Neo
590 1622 759 1683 cunctatus
783 1617 931 1683 Disarius
956 1618 1002 1682 sit
1024 1617 1119 1703 ‘mel,
1147 1619 1231 1702 quod
1255 1619 1414 1703 optimum

405 1710 464 1789 est,
482 1705 607 1790 reliquo
626 1706 839 1790 ponderosius
858 1709 916 1789 eet,
935 1707 968 1770 in
988 1728 1066 1771 uase
1085 1707 1186 1790 igitur
1205 1706 1311 1771 mellis
1331 1728 1416 1790 pars,

406 1814 488 1876 quae
520 1794 554 1856 in
587 1796 652 1858 imo
686 1799 748 1876 est,
781 1796 894 1878 ntique
926 1799 1075 1877 praestat
1106 1793 1245 1878 pondere
1278 1799 1311 1857 et
1343 1795 1415 1858 ideo
1433 1812 1457 1851 ιο

408 1884 605 1964 supernante
633 1882 807 1964 pretiosior
836 1888 893 1948 est.
939 1888 1052 1947 eontra
1078 1883 1111 1946 in
1140 1904 1218 1946 uase
1245 1882 1314 1946 uini
1342 1905 1418 1965 pars

406 1967 541 2035 inferior
573 1968 770 2032 admixtione
802 1969 901 2034 faecis
929 1992 995 2035 non
1023 1970 1119 2035 modo
1147 1969 1335 2034 turbulenta
1362 1970 1418 2032 sed

406 2060 441 2120 et
464 2076 579 2138 sapore
602 2056 742 2120 deterior
765 2061 823 2140 est,
847 2078 923 2140 pare
947 2078 1024 2123 uero
1049 2079 1175 2122 summa
1194 2058 1278 2121 ueris
1297 2057 1418 2121 uicinia

356 2141 397 2205 15
408 2144 634 2228 corrumpitur,
657 2145 747 2209 ouius
770 2144 969 2210 admixtione
992 2146 1031 2210 fit
1049 2146 1189 2210 dilutior.
1232 2144 1314 2209 unde
1334 2149 1419 2229 agri-

407 2231 496 2296 colae
529 2231 617 2296 dolia
644 2254 709 2296 uon
738 2235 884 2298 conteuti
912 2235 973 2298 sub
1006 2239 1091 2298 tecto
1120 2234 1304 2317 reposuisse
1332 2233 1419 2298 defo·
1435 2251 1460 2291 u

407 2320 500 2385 diunt
546 2324 579 2386 et
624 2322 833 2405 operimentis
882 2323 1080 2387 extrinsecus
1126 2322 1228 2385 inlitis
1270 2322 1422 2386 muniunt

406 2414 612 2474 remouentes
636 2410 669 2473 in
692 2416 850 2494 quantum
875 2412 945 2475 fieri
968 2416 1078 2494 potest
1101 2433 1121 2475 a
1143 2411 1219 2474 uino
1244 2411 1329 2475 aeria
1349 2432 1421 2475 oon-

407 2497 586 2582 tagionem,
620 2522 639 2563 a
672 2520 735 2581 quo
768 2504 834 2563 tam
868 2500 1038 2564 manifeste
1069 2499 1209 2564 laeditur
1241 2506 1277 2563 ut
1305 2501 1359 2564 uix
1388 2521 1422 2563 se

407 2591 538 2652 tueatur
574 2587 607 2651 in
644 2609 722 2651 uase
754 2589 850 2670 pleno
888 2592 920 2650 et
951 2588 1023 2651 ideo
1057 2587 1124 2652 aeri
1157 2589 1265 2652 minus
1300 2588 1422 2670 peruio.

358 2673 549 2741 liiceterum
583 2676 611 2740 si
642 2675 716 2740 inde
744 2676 891 2740 hauseris
920 2683 953 2741 et
982 2678 1086 2741 loeuru
1117 2678 1200 2741 aeria
1230 2676 1420 2740 admixtioni
1436 2694 1462 2734 1ο

408 2767 609 2850 patefeceris,
633 2766 802 2849 reliquum,
828 2767 912 2851 quod
937 2767 1103 2848 remansit,
1127 2789 1222 2829 ornne
1247 2766 1422 2849 eorrumpi·

409 2866 470 2922 tur.
517 2856 622 2921 modia
656 2857 754 2942 igitur
787 2879 863 2942 pars
898 2863 1054 2941 quantuni
1089 2882 1108 2922 a
1135 2857 1275 2920 confinio
1305 2857 1421 2922 sururni

410 2947 593 3031 utriusque,
619 2953 747 3010 tantum
772 2970 790 3010 a
815 2969 898 3010 noxa
923 2954 1048 3012 remota
1071 2952 1134 3028 est,
1159 2947 1249 3029 quasi
1274 2968 1333 3010 nee
1357 2953 1421 3008 tur·

410 3035 545 3098 bulento
568 3056 627 3099 nee
652 3033 773 3097 diluta?

360 3120 398 3181 17
500 3122 629 3185 Adiecit
644 3121 789 3185 Auienus
804 3122 877 3184 ‘eur
892 3122 1002 3185 eadem
1017 3124 1106 3205 potio
1123 3122 1278 3184 meracior
1293 3121 1421 3183 uidetur
1438 3139 1463 3179 as

411 3211 527 3290 ieiuno,
551 3231 647 3291 quam
671 3212 710 3288 ei,
735 3210 790 3292 qui
814 3210 922 3272 eibum
948 3208 1124 3291 sumpsit‘l'
1171 3215 1203 3271 et
1227 3209 1281 3270 ille
1305 3207 1422 3271 ‘nouas

412 3296 520 3360 inedia
543 3297 732 3378 uaeueiaeit,
756 3298 909 3361 saturitas
935 3298 1084 3360 obstruit.
1121 3296 1221 3377 igitur
1240 3317 1312 3358 eum
1332 3296 1422 3378 potio

412 3406 470 3467 per
493 3386 684 3448 inanitatem
709 3385 837 3467 penitus
861 3385 976 3464 influit,
1003 3386 1166 3466 quianon
1190 3385 1323 3447 obtusus
1349 3385 1423 3446 elbo

411 3494 512 3537 uenae
541 3474 679 3556 inuenit,
706 3496 809 3556 neque
838 3474 875 3535 fit
902 3473 1098 3536 admixtione
1127 3471 1273 3554 dilutior,
1306 3475 1338 3534 et
1367 3495 1424 3554 per

412 3583 550 3624 uacuum
574 3583 685 3624 means
709 3565 843 3643 gustatu
868 3561 1001 3624 fortiore
1025 3558 1183 3622 sentitur?
1437 3579 1464 3616 eo

361 3643 403 3707 18
504 3646 591 3712 ‘Hoc
628 3670 755 3733 quoque
793 3648 958 3712 sciendum
991 3648 1070 3711 milri
1102 3646 1168 3711 est'
1201 3648 1343 3710 Auienus
1377 3648 1424 3709 uit

415 3738 487 3801 ‘eur
516 3738 571 3822 qui
600 3737 743 3802 esuriens
774 3738 892 3801 biberit
920 3737 1172 3820 aliquantulum,
1205 3736 1321 3800 famem
1351 3735 1422 3798 sub·

414 3829 516 3912 leuat,
545 3828 600 3911 qui
630 3849 706 3890 uero
735 3828 847 3891 sitiens
875 3826 981 3891 eibum
1011 3827 1198 3910 sumpserit,
1225 3848 1289 3889 non
1319 3825 1423 3888 solum

486 4063 593 4123 bquur
618 4057 646 4108 P
718 4063 748 4108 11
769 4054 890 4127 perosius
909 4056 936 4109 P
1007 4061 1039 4109 16
1059 4055 1150 4109 rnlrtrl
1169 4057 1296 4107 muniunt
1315 4059 1426 4123 praeter

415 4146 445 4180 111
468 4133 492 4182 et
516 4135 528 4182 t
550 4131 581 4182 in
604 4145 659 4184 roe.
683 4130 713 4182 in
734 4128 762 4180 P
850 4130 883 4180 25
909 4127 1086 4181 moratrorP
1172 4132 1205 4179 27
1226 4125 1383 4179 uacuesoert
1403 4125 1429 4176 P

415 4205 449 4253 28
469 4199 584 4253 obturas
599 4199 636 4254 P'
710 4206 742 4253 32
762 4200 915 4271 aliquanllir
936 4198 963 4251 Ρ
