3322 5190
307 829 372 896 352
693 829 769 886 ΕΔΤ.
787 830 886 886 LIBRI
904 832 943 888 Vl

307 997 493 1078 togatarum
524 955 664 1076 scriptor
695 991 729 1056 in
758 1014 796 1057 ea
824 996 951 1076 togata,
984 1014 1065 1077 quae
1094 992 1315 1058 Gourrrenrr

306 1081 506 1165 inscribitur,
538 1101 602 1144 non
638 1079 851 1144 inuerecunda
878 1081 1076 1164 respondens
1104 1083 1317 1165 arguentibus

307 1168 393 1253 quod
415 1168 509 1253 plura
531 1169 723 1251 sumpsisset
745 1189 764 1232 a
788 1165 964 1232 Menandro
988 1165 1116 1233 fateor
1138 1169 1245 1253 inquit

520 1291 643 1375 sumpsi
668 1313 732 1354 uon
756 1290 796 1354 ab
821 1290 878 1354 illo
902 1290 997 1354 modo

351 1379 407 1445 sed
431 1383 467 1444 ut
491 1378 627 1465 quisque
649 1378 765 1443 habuit
787 1379 974 1444 conueniret
999 1380 1084 1464 quod
1108 1380 1189 1446 mibi
1346 1412 1359 1452 ο

352 1467 436 1551 quod
459 1489 510 1531 me
533 1488 598 1531 non
622 1487 719 1550 posse
741 1466 857 1531 melius
881 1466 985 1530 lacere
1008 1466 1137 1546 credidi,

351 1554 450 1619 etiam
475 1577 494 1621 a
519 1554 642 1618 Latino.

276 1677 393 1762 liquod
430 1678 457 1741 si
494 1678 574 1741 haec
610 1677 749 1741 societas
786 1681 819 1739 et
854 1697 962 1740 rerum
995 1678 1177 1741 communio
1211 1680 1317 1762 poetis

308 1765 585 1851 scriptoribuaque
612 1764 762 1829 omnibus
790 1763 873 1828 iuter
901 1785 935 1828 se
963 1766 1137 1830 exercenda
1166 1787 1318 1832 concessa

309 1858 373 1937 est,
397 1854 469 1938 quis
493 1851 599 1917 fraudi
622 1850 768 1937 Vergilio
788 1857 911 1936 uortet,
936 1853 962 1916 si
987 1854 1027 1918 ad
1051 1854 1258 1919 excolendum
1283 1877 1317 1920 se
1333 1886 1357 1924 ro

308 1940 465 2026 quaedam
499 1942 540 2006 ab
570 1940 805 2024 antiquioribus
834 1945 999 2006 mutuatus
1027 1941 1092 2006 sit?
1138 1943 1189 2007 cui
1218 1945 1316 2007 etiam

309 2029 416 2114 gretie
445 2030 507 2094 hoc
534 2029 664 2093 nomine
691 2028 839 2094 habenda
866 2034 929 2113 est,
962 2030 1047 2114 quod
1075 2051 1140 2094 nou
1163 2030 1252 2096 nullu
1276 2033 1316 2097 ab

309 2117 374 2183 illis
394 2119 427 2182 in
447 2139 528 2202 opus
546 2139 650 2202 suum,
673 2118 756 2201 quod
776 2122 906 2182 aeterno
926 2139 1114 2183 mansurum
1133 2126 1191 2202 est,
1214 2123 1317 2186 treus-

308 2206 440 2271 ierendo
463 2206 554 2292 iecit,
581 2227 621 2269 ne
645 2205 777 2271 omnino
804 2206 960 2271 memoria
983 2211 1127 2271 ueterum
1149 2207 1318 2287 deleretur,

308 2315 403 2379 qnos,
431 2293 516 2358 sicut
542 2315 694 2377 praeseus
722 2314 835 2357 sensus
863 2293 1019 2378 ostendit,
1046 2315 1111 2358 non
1135 2295 1240 2359 solum
1263 2317 1317 2360 ue·
1334 2324 1357 2364 re

277 2380 429 2466 bglectui
451 2402 563 2445 uemm
583 2381 680 2445 etiam
699 2380 777 2444 risui
796 2379 999 2445 heboreiam
1018 2381 1192 2465 coepimus.
1229 2381 1317 2446 deni·

308 2490 370 2555 que
403 2472 437 2534 at
467 2468 585 2534 iudicio
617 2466 834 2534 transferendi
867 2473 900 2532 ct
933 2468 1029 2533 modo
1061 2469 1212 2535 imitandi
1242 2491 1317 2536 con·

307 2560 435 2624 secutus
464 2563 528 2642 est,
560 2561 597 2622 ut
624 2556 710 2642 quod
739 2556 823 2641 apud
853 2556 945 2621 illum
972 2557 1147 2643 legerimus
1175 2558 1317 2624 alienum

307 2650 365 2713 aut
395 2647 484 2712 illius
515 2667 587 2712 esse
620 2645 784 2727 malimus,
817 2648 874 2712 aut
905 2645 1020 2712 melius
1055 2645 1108 2711 hic
1136 2669 1233 2732 quem
1262 2649 1317 2714 ubi

278 2736 421 2802 luctum
454 2740 505 2801 eat
536 2757 652 2800 sonare
686 2735 847 2800 miremur.
898 2733 1003 2800 dicam
1031 2735 1140 2822 itaque
1168 2737 1357 2823 primorum

307 2849 387 2911 quos
420 2826 461 2891 ab
495 2824 568 2891 aliis
600 2827 701 2891 traxit
732 2825 783 2890 uel
818 2847 856 2888 ex
885 2824 1018 2889 dimidio
1047 2827 1096 2890 sui
1124 2849 1235 2892 uersus
1266 2828 1316 2894 uel

307 2937 408 3000 paene
446 2916 577 2999 solidos,
613 2919 689 3000 poet
719 2915 782 2981 hoc
813 2914 900 2979 locos
933 2916 1079 2999 integros
1112 2937 1185 2981 cum
1217 2940 1317 3000 parua

309 3004 448 3087 quadam
484 3004 712 3068 immutatione
749 3003 926 3068 translatos
963 3026 1116 3067 sensusne
1152 3005 1198 3068 ita
1230 3012 1316 3069 trun-

308 3093 455 3174 scriptos,
479 3097 516 3155 ut
539 3092 622 3154 unde
648 3095 755 3155 essent
778 3092 925 3172 eluceret,
949 3090 1138 3154 immutatos
1162 3092 1257 3172 alios,
1283 3102 1317 3157 ut

308 3185 416 3243 tamen
441 3179 533 3262 origo
558 3200 668 3242 eorum
692 3199 757 3242 uon
780 3179 994 3263 ignoraretur,
1020 3178 1197 3261 posthaec
1222 3201 1315 3263 quae·
1330 3206 1356 3244 rs

308 3268 381 3332 (laur
405 3266 444 3330 de
467 3266 527 3344 his,
551 3289 633 3349 quea
657 3268 697 3330 ab
718 3266 860 3331 Homero
885 3271 1015 3349 sumpta
1039 3271 1123 3348 sunt,
1147 3268 1314 3332 ostendam

306 3376 371 3419 non
395 3355 501 3438 ipsum
531 3354 572 3418 ab
595 3353 739 3418 Homero
768 3354 895 3438 tulisse,
928 3353 983 3418 sed
1011 3354 1100 3437 prius
1130 3354 1212 3419 alios
1242 3356 1315 3420 inde

306 3444 497 3527 sumpsisse,
525 3447 558 3506 et
581 3442 665 3508 hunc
690 3444 835 3527 abillis,
863 3464 944 3527 quos
968 3443 1038 3506 sine
1062 3443 1158 3508 dubio
1183 3445 1315 3528 legerat,

306 3531 524 3596 transtulisse,

378 3689 512 3758 tiragm
532 3705 601 3744 com.
623 3689 665 3744 ed.
686 3694 702 3743 2
721 3687 847 3743 Ribbeck
866 3705 891 3744 v.
911 3693 946 3742 to
964 3705 991 3757 p.
1013 3693 1063 3742 168

377 3838 393 3885 t
417 3831 466 3886 illo
491 3831 549 3887 loli
570 3816 596 3888 iii
617 3834 644 3901 (i
667 3835 698 3888 in
721 3834 788 3898 ras.)
810 3832 837 3885 P
926 3830 1084 3898 bqurlqurl
1099 3831 1132 3892 P,
1155 3848 1202 3885 cuc
1227 3834 1315 3886 eleccio

306 3904 368 3970 quis
457 3903 531 3970 quod
556 3908 717 3960 conueniret
741 3903 775 3971 P,
799 3904 968 3969 transposuit
992 3903 1111 3955 liutbtus
1201 3903 1313 3968 bquod

305 3973 433 4027 Bottiaia:
455 3975 585 4042 quodque
605 3976 632 4028 P
704 3981 736 4026 12
756 3974 809 4025 hoc
828 3989 940 4026 nomine
959 3989 1008 4026 oris.
1031 3971 1065 4037 Ρ,
1083 3972 1147 4025 redd.
1168 3973 1314 4026 (incitatri-

306 4044 450 4111 9icusislt)
506 4044 735 4101 babendueltP
788 4043 1135 4097 lbl‘olumnonlecturP
1188 4049 1314 4116 16011111-

307 4112 411 4165 rnulP
510 4120 542 4169 l'l
562 4115 747 4183 consequutus
764 4115 791 4167 P
891 4118 922 4165 19
942 4112 1030 4182 illius]
1049 4110 1125 4165 alrud
1146 4111 1173 4164 P
1270 4116 1314 4166 luc

307 4199 357 4237 our
378 4181 413 4235 P'
469 4190 532 4240 ante
551 4189 598 4242 ubr
617 4188 680 4242 odel.
701 4186 746 4241 hrc
768 4185 804 4238 P'
861 4190 894 4239 23
915 4181 1068 4237 translatos
1085 4183 1123 4236 P'
