3322 5190
737 801 788 856 llll
808 807 896 857 t-lt
1284 804 1325 868 15

314 982 370 1046 que
404 963 437 1024 et
468 961 595 1047 reliqua
624 961 678 1026 his
705 962 825 1027 similia
852 962 1010 1028 festorum
1038 961 1163 1029 dierum
1190 965 1326 1030 nomina

314 1052 385 1114 sunt
421 1071 481 1115 neo
512 1049 721 1134 singulariter
752 1051 979 1129 nominantur,
1015 1055 1074 1116 aut
1105 1052 1133 1117 si
1166 1052 1325 1138 singulari

313 1159 443 1202 numero
472 1137 604 1221 dixeris,
631 1160 696 1203 non
727 1138 813 1202 idem
841 1139 1055 1224 significabis,
1082 1141 1145 1204 nisi
1169 1140 1324 1206 adieceris

312 1228 465 1308 festum,
487 1230 525 1289 ut
542 1225 785 1291 Bacchanale
809 1227 966 1312 festum,
984 1226 1160 1312 Agonale
1179 1229 1323 1293 festum

292 1317 341 1378 set
363 1313 500 1399 reliqua,
530 1317 567 1379 ut
590 1315 657 1378 iarn
681 1336 745 1379 non
768 1315 935 1399 posituum
959 1315 1015 1401 sit,
1038 1317 1095 1380 sed
1118 1317 1324 1399 adiectiuum,

313 1404 394 1488 quod
419 1401 535 1469 Graeci
558 1401 715 1468 ἐπίθετον
743 1407 872 1470 nocant.
918 1405 1054 1469 animati
1078 1409 1156 1470 sunt
1179 1426 1258 1490 ergo
1281 1405 1321 1470 ad
1336 1415 1378 1478 10

313 1491 491 1558 faciendam
518 1492 747 1558 discretionem
775 1493 809 1557 in
838 1493 990 1579 genetiuo
1018 1516 1109 1579 casu,
1137 1499 1174 1561 ut
1200 1517 1239 1560 er
1261 1495 1324 1562 hac

313 1581 527 1649 declinatione
546 1583 765 1668 exprimerent
776 1605 896 1648 nomen
912 1584 1078 1649 sollemnia
1093 1583 1166 1669 diei,
1185 1585 1324 1650 scientes

312 1673 341 1736 in
364 1694 431 1738 non
454 1672 555 1737 nullis
578 1694 676 1757 saepe
699 1672 887 1738 nominibus
911 1672 1023 1738 datiuo
1046 1674 1080 1737 in
1103 1690 1168 1740 nvs
1187 1679 1324 1739 exeunte

283 1760 412 1826 unihilo
444 1760 552 1827 minus
584 1762 771 1848 genetiuum
798 1763 834 1825 in
862 1779 936 1826 nvn
963 1760 1048 1826 liniri
1077 1765 1115 1827 ut
1146 1761 1323 1829 domibus

312 1851 517 1937 domorum,
540 1851 689 1918 duobus
713 1850 886 1936 duorum,
910 1852 1096 1917 ambobus
1117 1852 1374 1923 amborum.ll

311 1940 355 2006 ita
377 1944 411 2005 et
438 1940 585 2006 uiridia
611 1963 683 2007 oum
709 1937 785 2005 ἀντὶ
808 1937 967 2006 ἐπιθέτου
989 1941 1205 2026 accipiuntur,
1227 1962 1323 2027 gene-

311 2030 413 2094 tiuum
441 2031 474 2094 in
502 2049 552 2095 vu
580 2030 718 2115 faciunt,
745 2033 784 2094 ut
810 2030 955 2095 uiridia
981 2034 1109 2115 prata,
1141 2030 1324 2095 uiridium

312 2121 521 2200 pratorum:
539 2141 612 2184 oum
631 2140 708 2183 uero
727 2119 833 2203 ipsam
847 2119 911 2183 loci
927 2119 1125 2183 uiriditatem
1140 2119 1323 2204 significare

282 2211 473 2289 cuolumus,
500 2206 731 2271 uiridiorum
753 2205 904 2291 dicimus,
929 2210 967 2271 nt
990 2227 1062 2272 oum
1087 2205 1218 2271 dicitur:
1246 2206 1322 2271 ior·

312 2316 414 2358 mosa
437 2293 559 2359 facies
583 2294 827 2359 uiridiorum:
853 2296 931 2358 tunc
949 2294 1035 2358 enim
1059 2293 1205 2359 uiridia
1229 2293 1322 2379 quasi

312 2382 488 2467 positiuom
516 2384 661 2466 ponitur,
688 2405 754 2447 non
782 2382 941 2450 accidens.
988 2385 1081 2448 tanta
1104 2388 1212 2449 autem
1236 2383 1321 2468 apud
1335 2388 1376 2452 12

313 2474 437 2537 ueteres
455 2471 518 2536 luit
535 2472 667 2538 licentia
685 2471 781 2536 liuius
800 2472 955 2557 genetiui,
973 2473 1010 2538 ut
1024 2471 1169 2539 Aslnlvs
1188 2472 1322 2540 Poumo

312 2560 612 2648 uectigaliorum
642 2562 830 2646 frequenter
857 2564 1001 2646 usurpat,
1036 2561 1121 2647 quod
1150 2561 1322 2647 uectigal

280 2651 516 2823 wpzpmrppnus
547 2651 671 2716 dicatur
701 2672 798 2734 quam
830 2649 1055 2734 uectigalia.
1105 2651 1160 2715 sed
1189 2655 1222 2716 et
1250 2672 1323 2716 cum

589 2808 746 2892 laeuaque
769 2808 873 2874 ancile
896 2809 1042 2894 gerebat,

310 2938 419 2998 tamen
443 2934 476 2997 et
503 2931 735 2997 anciliorum
763 2932 905 2996 relatum
935 2935 996 2997 est.
1040 2931 1215 2998 uidendum
1242 2953 1321 3018 crgo
1334 2936 1374 3001 13

311 3044 350 3088 ne
381 3023 487 3107 magis
513 3021 657 3086 uarietas
684 3024 812 3086 ueteres
846 3019 1059 3086 delectauerit
1090 3044 1188 3106 quam
1216 3023 1254 3086 ut
1281 3021 1322 3086 ad

279 3108 300 3147 ³⁵
313 3115 466 3176 amussim
503 3132 614 3175 uerum
657 3110 702 3174 sit
743 3110 901 3175 festorum
944 3111 1070 3175 dierum
1105 3110 1239 3175 nomina
1275 3110 1323 3175 sic

312 3205 436 3266 uocata
488 3221 561 3264 ecce
597 3199 683 3263 enim
720 3201 753 3263 et
789 3202 919 3284 praeter
955 3199 1162 3264 sollemnium
1198 3199 1322 3263 dierum

312 3289 469 3355 uocabula
500 3289 565 3352 alia
596 3310 723 3372 qnoque
762 3288 807 3352 sic
844 3287 1006 3356 declinata
1038 3288 1255 3372 repperimus,
1286 3290 1324 3351 ut

311 3377 501 3461 praecedens
516 3398 622 3441 sermo
636 3376 801 3460 patefecit,
815 3375 1044 3442 uiridiorum
1060 3380 1093 3440 et
1113 3376 1323 3460 uectigali-

311 3488 415 3531 orum
439 3470 472 3530 et
496 3465 746 3531 anciliorum:
777 3464 832 3529 sed
856 3467 889 3529 et
911 3465 985 3549 ipsa
1007 3463 1166 3530 festorum
1190 3465 1376 3541 nomina14

278 3552 300 3590 ²⁰
312 3555 484 3621 secundum
502 3555 648 3639 regulam
667 3552 829 3619 declinata
848 3555 934 3639 apud
953 3557 1080 3619 ueteres
1099 3555 1257 3639 repperio,
1281 3553 1321 3617 si-

313 3643 439 3728 quidem
468 3641 593 3709 Vareno
618 3641 813 3708 l'eralium
843 3643 943 3708 diem
967 3644 1015 3709 ait
1038 3666 1058 3708 a
1080 3642 1255 3708 ferendis
1285 3643 1323 3707 in

310 3760 521 3771 --—-.-—-—-—-

381 3819 542 3888 lgemtruo
561 3818 589 3870 P
645 3817 714 3871 haec
733 3819 770 3882 Β,
789 3820 802 3869 l
820 3833 854 3871 ex
873 3818 927 3871 hac
945 3818 1046 3872 adae
1104 3816 1277 3887 8aollepnrs
1297 3817 1325 3869 P

312 3896 344 3943 10
366 3890 523 3958 genstruum
547 3887 576 3941 P
632 3892 664 3941 la
688 3889 943 3944 ΑΝΤΙΕΠΙΘΘΤΟΥ
971 3889 1008 3957 Β,
1037 3888 1180 3958 nutrient
1207 3889 1274 3942 ΘΕΤ
1274 3889 1320 3943 ΟΝ

311 3962 339 4015 Ρ
399 3966 431 4014 12
450 3960 606 4023 remanum
625 3959 654 4013 P
713 3964 746 4013 14
764 3975 833 4015 uoro
854 3959 889 4012 P'
955 3963 987 4012 17
1007 3959 1088 4013 tauta
1107 3976 1180 4013 emm
1200 3959 1228 4011 P
1292 3963 1323 4012 18

311 4032 427 4102 genrtrnr
447 4030 474 4083 P
541 4034 573 4083 19
591 4031 817 4100 uectrgullrorum
836 4031 864 4083 B
932 4029 1020 4100 quod]
1039 4047 1059 4099 q
1080 4029 1108 4081 P
1169 4035 1204 4083 26
1223 4029 1323 4098 lollep·

310 4121 386 4227 rupm
404 4107 513 4226 ρταιίΙξῖ
528 4118 579 4226 usp3
580 4103 621 4227 (in
633 4118 688 4155 ras.
703 4104 735 4155 ἐπ
742 4103 777 4226 113²
825 4105 861 4225 ἐξ
877 4101 1019 4225 peclrpatu
1034 4103 1098 4224 113ss²
1094 4100 1238 4155 uocataP
1289 4103 1323 4152 28

311 4192 339 4227 ur
359 4189 448 4228 rorum
616 4189 725 4242 reperio
890 4188 949 4225 erra
960 4189 1018 4226 rum
