3322 5190
326 796 392 864 ιω
718 789 793 848 ιιι.
813 790 910 845 arsur
930 791 952 845 v

280 965 319 1031 lo
331 956 386 1026 scd
405 957 480 1039 ium,
503 955 532 1020 si
551 953 687 1034 uidetur,
711 976 730 1018 s
749 954 920 1019 collatione
939 976 1091 1019 uersuum
1111 957 1340 1020 translatorum

330 1047 471 1126 lacesso,
496 1048 532 1107 ut
554 1064 613 1106 nec
636 1042 808 1106 uniformis
831 1045 975 1107 narratio
999 1046 1106 1127 pariat
1129 1067 1167 1108 ex
1192 1045 1341 1107 satietate

331 1131 508 1214 fastidium,
527 1136 560 1196 et
578 1151 683 1246 serpso
703 1130 743 1194 ad
762 1129 826 1194 slis
846 1152 912 1194 non
931 1131 1035 1194 miuus
1051 1134 1213 1214 praesenti
1228 1155 1342 1197 causae

279 1224 408 1308 lssspta
430 1215 597 1285 uertatur?
636 1216 747 1302 perge
771 1216 902 1370 quaeso'
921 1219 1028 1302 inquit
1048 1219 1221 1284 Auienus‘
1224 1222 1342 1303 omnis,

329 1330 411 1395 quae
428 1306 570 1373 Homero
588 1306 783 1389 subtraxit,
774 1328 865 1370 niues
867 1307 980 1391 tigsre.
1019 1307 1094 1392 quid
1110 1309 1194 1371 euim
1210 1311 1342 1373 suarius
1369 1341 1382 1381 ι

329 1418 426 1499 quem
455 1395 535 1459 duos
564 1395 755 1478 praecipuos
784 1401 841 1458 ust
842 1416 875 1457 es
827 1394 1015 1458 taudire
1041 1396 1125 1459 idem
1150 1397 1342 1478 loquentes?

330 1485 406 1570 quin
433 1505 505 1548 curu
535 1482 598 1545 tria
627 1483 705 1546 huuc
734 1504 772 1545 ex
796 1503 899 1565 aequo
924 1482 1130 1564 inpossibilia
1154 1485 1343 1566 iudicentur,

330 1572 380 1636 uel
397 1569 467 1634 loui
487 1570 610 1633 fulmen
630 1569 680 1632 uel
696 1568 828 1632 Herculi
849 1569 974 1632 clauum
990 1570 1041 1632 uel
1059 1591 1183 1634 uersum
1203 1571 1342 1635 Homero

330 1657 530 1740 subtrahere,
550 1656 645 1741 quod,
658 1657 720 1721 etsi
735 1656 805 1720 lieri
820 1661 964 1739 possent,
979 1657 1078 1720 alium
1093 1663 1200 1722 lumen
1216 1660 1341 1724 nullum

331 1746 458 1812 decoret
484 1746 537 1808 usl
565 1743 688 1807 fulmen
712 1748 838 1828 praeter
860 1743 972 1809 Iouem
996 1745 1114 1830 iacere,
1142 1747 1193 1811 uel
1218 1752 1342 1812 certare
1358 1782 1383 1818 ιι

355 1838 459 1901 ructet
491 1831 662 1896 Herculem
700 1831 831 1911 robore,
867 1834 917 1896 uel
956 1853 1069 1897 canere
1105 1836 1189 1918 quod
1225 1836 1342 1901 cecinit

330 1857 507 1988 llomerns.
500 1921 576 1983 ·hic
590 1921 796 2004 opportune
787 1941 820 1983 ru
835 1942 916 2003 opus
932 1942 1024 1984 suum
1027 1944 1131 2006 ,qnae
1146 1926 1234 2005 prior
1249 1930 1340 1988 uates

332 2010 466 2092 dixerat,
485 2006 707 2072 transferendo
727 2007 813 2090 fecit,
791 2013 868 2073 ιιιι
886 2030 945 2072 sua
964 2031 1034 2074 esse
1053 2011 1232 2078 creduntur.
1263 2035 1341 2115 ergo

332 2122 391 2185 pro
415 2060 492 2163 uolo
517 2097 659 2162 omnium
684 2096 807 2181 feceris,
830 2098 857 2161 si
881 2120 952 2161 cum
975 2098 1035 2164 hoc
1054 2104 1146 2164 coetu
1167 2105 1341 2166 commuui-

332 2191 406 2255 cuta
430 2185 524 2269 uelis,
547 2207 766 2269 quoecumque
791 2148 899 2250 riestro
922 2192 1032 2251 noster
1057 2194 1154 2272 poeta
1177 2196 1341 2256 mutuatus
1359 2220 1382 2260 ιι

281 2274 402 2352 11οιιῖ
449 2273 539 2339 ‘cedo
570 2271 683 2359 igilur'
706 2272 970 2339 Euststhiust
924 2276 970 2338 ait
992 2275 1229 2361 ‘Vergilianum
1254 2281 1342 2344 uolu-

333 2386 414 2446 rueu,
438 2361 514 2447 quic
537 2364 627 2426 locos
647 2361 841 2445 singulos
814 2384 882 2426 erus
902 2363 1076 2448 inspiciens
1096 2365 1342 2433 Homericorum

331 2473 483 2519 uersuum
515 2451 697 2535 promptius
726 2449 943 2515 admonebor?
994 2474 1129 2537 cumque
1158 2454 1343 2538 Symmachi

332 2543 421 2609 iussu
440 2539 582 2606 famulus
601 2539 639 2603 de
659 2538 858 2603 bibliotheca
876 2541 959 2622 petit
961 2562 1013 2605 um
1034 2542 1150 2607 librum
1166 2544 1343 2630 detulisset,

332 2636 451 2697 temere
479 2628 584 2694 uoluit
606 2626 879 2712 Eustathius,ut
844 2651 1029 2715 auersus,
1057 2653 1137 2715 quos
1163 2633 1228 2698 fors
1252 2634 1340 2699 dctu·
1357 2664 1384 2703 ιι

283 2721 433 2803 lsslissut,
453 2719 625 2804 inspiceret
643 2722 676 2782 ct
695 2716 824 2782 uirleto’
842 2718 949 2804 inquit
965 2719 1106 2806 portum
1122 2723 1161 2787 ud
1177 2724 1342 2790 ciuitatem

334 2808 470 2878 Didonis
495 2832 532 2875 er
556 2807 668 2874 Ithueu
691 2808 885 2894 migrantem

378 2942 428 2999 est
450 2934 484 2997 in
508 2954 637 2998 secessu
661 2933 759 3016 longo
783 2932 884 3016 locus,
907 2935 1014 3001 insula
1038 2944 1165 3020 portum

378 3023 479 3087 elficit
503 3021 631 3084 obiectu
656 3020 804 3101 laterum,
829 3022 945 3104 quibus
970 3026 1074 3089 omnis
1098 3028 1138 3089 ab
1164 3028 1230 3090 alto

379 3109 550 3190 frangitur,
574 3109 669 3189 inque
693 3109 781 3169 sinus
806 3109 924 3172 scindit
948 3133 1016 3173 sese
1040 3113 1124 3174 unda
1148 3115 1305 3177 reductos.
1357 3141 1382 3180 ss

379 3197 453 3260 hinc
478 3203 574 3277 utque
598 3193 673 3256 hinc
697 3200 809 3257 uastae
833 3217 928 3278 rupes
953 3199 1134 3282 geminique
1154 3201 1319 3265 minantur

379 3285 412 3348 io
436 3283 558 3346 coslum
583 3282 717 3363 scopuli,
741 3304 876 3364 quorum
900 3285 959 3347 sub
984 3289 1102 3351 uertice
1125 3288 1190 3351 late

379 3392 520 3455 aequora
543 3373 614 3434 tutu
637 3369 747 3433 silent:
772 3375 842 3434 tum
865 3371 955 3436 siluis
980 3396 1097 3438 scaeua
1120 3378 1261 3441 coruscis

379 3461 515 3544 desuper
543 3458 750 3541 horrentique
777 3464 883 3524 strum
912 3482 1024 3528 nemus
1048 3466 1195 3529 imminet
1219 3467 1342 3531 umbra.

379 3550 486 3614 fronte
510 3547 569 3610 sub
594 3547 730 3610 aduersa
753 3549 895 3631 scopulis
920 3552 1130 3633 pendentibus
1156 3561 1298 3620 antrum:
1358 3583 1384 3620 ao

378 3639 464 3703 intus
488 3656 589 3721 squas
613 3636 722 3699 dulces
745 3637 883 3721 uinoque
908 3639 1020 3704 sedilia
1043 3663 1131 3722 saro,

346 3764 546 3772 ae---—-——-—-

405 3835 439 3884 28
458 3828 524 3883 Aen.
546 3829 555 3882 l
578 3833 628 3883 169

405 4009 557 4063 ιιοιιιοιο
580 4003 613 4060 F
703 4015 734 4062 12
758 4013 925 4081 opportune!
950 4014 1086 4083 posterior
1109 4019 1178 4072 ιοιιι.
1204 4018 1345 4073 Rrrrtler'us

333 4082 418 4150 (Μιιι.
443 4080 528 4135 Itlrea.
551 4085 632 4147 1881,
654 4082 721 4148 325)
797 4087 828 4135 13
853 4083 1026 4140 mullercmlo
1054 4087 1089 4140 P'
1183 4095 1215 4141 lt
1236 4094 1299 4162 cptu
1321 4091 1347 4143 P

338 4159 369 4208 18
389 4150 533 4207 lrmmnchr
552 4150 579 4204 P
631 4157 664 4204 ιι
684 4154 806 4207 minatur
825 4153 861 4207 P‘
917 4163 951 4212 ‘28
971 4157 1051 4212 sceuu
1070 4160 1210 4215 chorulcrl
1226 4161 1253 4213 P
