3442 5190
670 854 748 910 Vllll
769 860 871 910 la-er
1225 857 1291 922 443

276 1016 466 1082 ministrans
499 1017 668 1103 odorandi,
700 1019 815 1103 quartu
848 1017 995 1102 palatum
1024 1020 1127 1103 tenet,
1160 1041 1224 1104 quo
1252 1020 1291 1085 de

276 1106 460 1191 gustatibus
486 1106 661 1191 iudicatur,
689 1107 803 1191 quinta
831 1107 864 1171 ui
888 1127 947 1172 aua
970 1129 1065 1173 omne
1089 1129 1206 1192 corpus
1230 1108 1289 1173 im-

275 1196 356 1278 plet3
393 1194 497 1260 omnis
535 1195 622 1261 euim
659 1217 735 1279 pars
773 1195 917 1279 corporis
954 1196 1068 1261 mollia
1101 1199 1135 1261 et
1166 1218 1291 1282 aspera,

274 1282 393 1368 frigida
426 1286 458 1347 ct
486 1285 589 1349 calida
618 1283 779 1349 discernit.
828 1287 921 1349 sexta
949 1284 988 1349 de
1016 1285 1146 1350 cerebro
1175 1286 1342 1351 means22

246 1371 479 1441 astomaclrum
503 1374 600 1457 petit,
626 1373 676 1439 cui
702 1371 843 1437 maxime
867 1394 979 1439 sensus
1004 1378 1055 1438 est
1077 1373 1289 1458 necessarius,

274 1465 310 1526 ut
350 1483 431 1547 quae
473 1461 592 1527 desunt
629 1462 775 1547 adpetat,
817 1461 979 1546 superflua
1015 1467 1150 1548 respuat
1186 1466 1219 1527 et
1255 1462 1289 1528 in

273 1549 403 1615 homine
433 1552 544 1617 sobrio
574 1573 608 1617 sa
639 1552 709 1635 ipsa
738 1550 932 1616 moderetur.
982 1552 1121 1637 septima
1150 1553 1288 1634 συζυγία

272 1661 446 1705 neruorum
470 1640 613 1705 infundit
636 1662 765 1705 sensum
792 1639 910 1725 spinuli
931 1640 1101 1723 medullae,
1124 1662 1207 1725 quae
1226 1641 1288 1706 hoc

274 1731 323 1792 est
350 1728 496 1812 animali,
525 1730 610 1815 quod
639 1732 689 1794 est
715 1730 794 1793 naui
822 1730 946 1812 carina,
975 1733 1008 1796 et
1035 1729 1114 1795 adeo
1143 1752 1203 1796 usu
1231 1733 1289 1796 aut

235 1815 431 1902 indignitate
450 1818 624 1903 praecipua
643 1822 702 1903 est,
720 1823 758 1883 ut
777 1818 912 1904 longum
931 1820 1098 1884 cerebrum
1118 1840 1137 1883 a
1154 1817 1286 1884 medicis

273 1907 316 1970 sit
347 1910 471 1971 uocata.
525 1928 564 1971 ex
596 1907 658 1971 hac
690 1907 827 1991 denique
859 1910 897 1970 ut
930 1928 967 1972 ex
1001 1907 1133 1972 cerebro
1166 1907 1286 1972 diuersi
1298 1906 1340 1970 23

273 1999 449 2060 nascuntur
477 1999 617 2078 meatus,
646 1996 801 2060 uirtutem
829 1995 934 2060 tribus
960 1995 1089 2059 animae
1112 1995 1289 2078 propositis

273 2083 504 2148 ministrantes.
555 2084 618 2147 tria
647 2086 723 2147 sunt
751 2085 849 2166 enirn,
883 2104 965 2167 quae
994 2104 1031 2146 ex
1061 2083 1187 2147 animae
1214 2106 1288 2168 pro-

274 2170 418 2236 uidentia
446 2171 563 2254 accipit
591 2192 705 2255 corpus
730 2169 893 2236 animalis:
923 2174 961 2235 ut
985 2169 1090 2255 uiuat,
1114 2175 1151 2235 ut
1174 2171 1290 2236 decora

237 2286 262 2328 rs
275 2259 379 2343 uiuat,
413 2262 446 2322 et
477 2260 515 2324 ut
541 2258 770 2323 immortalitas
799 2258 848 2323 illi
875 2259 1079 2325 successione
1107 2262 1290 2344 quaeratur.

275 2347 326 2412 his
357 2346 462 2412 tribus
490 2347 683 2432 propositis,
712 2350 749 2412 ut
776 2347 855 2432 dixi,
887 2347 1015 2413 animae
1042 2370 1101 2433 per
1129 2344 1343 2429 spinalem24

275 2434 450 2502 medullam
478 2437 652 2521 praebetur
676 2437 817 2502 effectus.
861 2458 938 2502 nam
962 2437 1052 2503 cordi
1076 2440 1109 2501 et
1133 2437 1231 2502 iecori
1256 2440 1290 2502 et

276 2524 420 2610 spirandi
454 2525 656 2610 ministeriis,
689 2548 771 2611 quaa
804 2526 913 2592 omnia
945 2525 986 2591 ad
1014 2526 1189 2591 uiuendum
1218 2549 1289 2613 per·

275 2617 393 2693 tinent,
420 2614 506 2679 uires
536 2614 574 2679 de
603 2614 799 2699 spinalibus,
826 2636 907 2700 quos
935 2614 1016 2699 dixi,
1043 2615 1206 2681 meatibus
1230 2615 1288 2680 mi-

235 2703 464 2773 ranistrantur.
513 2704 622 2769 neruis
653 2704 753 2769 etiam
781 2726 936 2768 manuum
963 2704 1080 2787 pedum
1109 2704 1288 2770 aliarumue

275 2792 429 2876 partium,
451 2813 509 2877 per
532 2814 612 2876 quas
636 2793 750 2858 decore
770 2793 901 2876 uiuitur,
923 2792 1028 2858 uirtus
1050 2793 1126 2857 inde
1144 2800 1289 2875 praesta·

275 2890 337 2964 tur,
360 2882 394 2945 et
415 2883 452 2944 ut
475 2901 513 2944 ex
533 2879 585 2943 his
606 2882 765 2946 successio
784 2884 983 2965 procuretur,
1006 2882 1099 2946 nerui
1119 2903 1156 2945 ex
1176 2881 1288 2946 eadem

275 2967 393 3050 spinuli
425 2968 566 3032 medulla
594 2968 751 3050 pudendis
784 2975 818 3032 et
845 2969 987 3050 matrici,
1020 2972 1058 3033 ut
1084 2990 1178 3032 suum
1207 2989 1288 3051 opus

275 3056 442 3139 impleant,
465 3056 703 3121 ministrantur.
745 3058 792 3121 ita
810 3059 900 3122 nulla
919 3057 951 3121 in
971 3057 1104 3121 homine
1123 3077 1199 3140 pars
1219 3078 1287 3120 cor·
1299 3051 1342 3116 25

235 3171 260 3212 aa
273 3145 361 3228 poris
386 3145 456 3209 sine
480 3145 690 3228 spiramenta,
714 3145 798 3229 quod
817 3145 852 3210 in
872 3148 984 3210 uentre
1003 3145 1127 3210 cerebri
1147 3146 1288 3209 locatum

275 3235 337 3314 est,
364 3235 398 3296 et
425 3232 493 3296 aine
522 3233 657 3316 spinalis
687 3232 846 3298 medullae
875 3233 1032 3298 beneficio
1056 3237 1195 3298 constat.
1242 3233 1289 3297 sic

274 3342 350 3404 crgo
375 3321 425 3403 fit,
453 3324 502 3404 ut,
529 3342 602 3385 curn
627 3321 735 3404 ipsum
760 3322 925 3387 cerebrum
950 3343 1046 3386 sensu
1071 3326 1195 3403 careat,
1219 3342 1289 3385 sen·

274 3432 327 3475 sus
351 3413 461 3474 tamen
485 3431 505 3473 a
527 3409 658 3474 cerebro
683 3409 717 3473 in
741 3432 835 3475 omna
859 3432 975 3495 corpus
999 3407 1244 3494 proficiscatur?

362 3495 471 3582 ‘Euge
509 3497 686 3564 Graeculus
727 3497 855 3565 noster’
892 3498 1082 3584 Euangelus
1121 3500 1168 3564 ait
1204 3492 1342 3564 ‘ram26

235 3587 372 3672 aplane
404 3586 499 3652 nabis
532 3588 674 3652 ostendit
705 3610 757 3653 res
790 3591 906 3673 opertu
938 3591 1085 3654 naturae'
1104 3592 1221 3671 tectas,
1253 3591 1291 3652 ut

275 3676 426 3763 quicquid
464 3697 571 3742 sermo
609 3676 793 3760 descripsit,
830 3677 933 3743 oculis
970 3677 1079 3743 uidere
1112 3677 1288 3743 uideamur.

275 3766 330 3830 sed
367 3764 545 3830 Eustathio
582 3766 646 3828 iam
684 3765 775 3846 cedo,
812 3767 863 3830 cui
900 3766 1065 3850 praeripui
1101 3759 1339 3831 consulendi2'l

274 3851 408 3917 locuru.’
454 3851 648 3917 Eustatlrius
673 3851 786 3918 ‘moda
811 3853 863 3918 uel
883 3855 934 3919 uir
953 3855 1098 3919 omnium
1116 3852 1287 3919 disertissi-

344 4008 491 4154 0apptsat
516 4011 544 4064 P
633 4016 666 4064 lt
683 4010 847 4085 paquarar‘·
867 4014 897 4080 (q
919 4028 989 4067 corr.
1014 4016 1045 4066 ut
1068 4011 1127 4066 aid.
1151 4027 1184 4066 ra
1206 4012 1235 4079 u)
1262 4009 1290 4064 P

275 4085 307 4133 19
327 4099 395 4149 quos
447 4081 503 4136 uod
524 4081 553 4136 P
646 4087 681 4137 Ξῖ
701 4099 735 4136 ex
754 4082 799 4136 lul
814 4098 864 4137 oria
884 4082 912 4135 P
1003 4080 1286 4154 aafp1nnlrom.P'

273 4148 465 4279 {ltdpplp'rp'
558 4160 591 4208 25
610 4171 624 4219 c
643 4171 672 4208 m
692 4153 721 4207 P
806 4160 840 4208 29
859 4153 999 4227 grelculul
1015 4154 1043 4208 P
1127 4153 1288 4223 diuidere]
