3322 5190
334 827 400 892 194
510 790 512 795 ’
719 831 795 886 aas.
816 830 914 886 cinai
928 831 968 886 n1

333 989 496 1054 conditam
530 991 614 1074 apud
647 1014 736 1057 aram
764 991 939 1057 Maximam
973 1012 1064 1057 saera
1096 990 1282 1055 celebrabat
1313 1001 1346 1054 et

333 1076 488 1144 utebatur
510 1080 631 1164 populo
655 1081 766 1166 ntique

662 1212 795 1279 Alcidae
818 1212 1015 1299 gratissima.

302 1341 441 1412 nsanos
469 1349 576 1411 autem
604 1345 737 1411 Herculi
767 1347 915 1411 ubertate
943 1345 1109 1411 doctrinae
1137 1343 1264 1408 altioris
1292 1345 1344 1408 ad·

333 1428 455 1519 signat,
483 1437 559 1520 qnia
586 1435 614 1499 is
642 1435 720 1499 deus
748 1439 782 1499 at
809 1435 894 1521 apud
922 1433 1091 1520 pontifices
1119 1432 1203 1497 idem
1232 1433 1288 1517 qui
1311 1438 1383 1496 ets

302 1520 435 1588 6lllars
458 1523 606 1588 habetur.
652 1527 686 1588 et
707 1545 785 1589 saue
808 1524 856 1588 ita
878 1522 1063 1587 Mnnirnna
1085 1520 1267 1600 Vasconis
1291 1521 1344 1584 ad·

332 1611 450 1693 firmat,
473 1633 554 1695 quae
574 1612 762 1677 inscribitur
771 1610 892 1689 ’Ἀλλος
910 1606 1006 1688 οὗτος
1019 1605 1194 1696 Ἡρακλῆς,
1217 1611 1251 1673 in
1271 1632 1344 1693 qua,

333 1722 407 1766 cnm
431 1699 474 1764 da
498 1699 652 1765 Inuicto
672 1699 838 1766 Hercule
861 1702 1057 1785 loqueretur,
1080 1699 1236 1763 eundem
1261 1720 1344 1762 esse

333 1810 376 1855 aa
391 1786 552 1855 Martem
568 1789 728 1872 probauit.
770 1787 922 1854 Chaldaei
938 1810 1066 1873 quoque
1081 1787 1234 1853 stellam
1249 1785 1342 1851 ller-

332 1876 434 1943 culis
458 1881 588 1959 uocant,
612 1898 709 1959 quam
733 1877 849 1961 reliqui
872 1898 984 1941 omnes
1008 1874 1145 1940 Martis
1169 1876 1342 1959 appellant.
1360 1895 1384 1930 ω

302 1965 384 2031 'last
402 1970 569 2049 praeterea
588 1962 732 2029 Oenvu
751 1964 947 2030 Hnusnnrnr
967 1964 1058 2046 liber,
1082 1965 1136 2048 qui
1155 1964 1345 2028 inscribitur

330 2071 378 2119 nn
411 2070 529 2120 sconia
563 2052 769 2121 sicumare
802 2054 1013 2134 'Prnvun1vn‚
1049 2052 1083 2118 in
1120 2074 1183 2138 quo
1217 2049 1343 2118 Salios

330 2141 493 2209 Herculi
535 2143 740 2207 institutos
783 2144 935 2228 operari
977 2143 1114 2208 diebus
1151 2142 1269 2208 certis
1307 2149 1344 2207 el

299 2233 534 2317 Banspieato
554 2231 656 2297 docel.
689 2233 766 2298 item
786 2230 970 2299 Annoruvs
989 2249 1132 2315 (11111110,
1151 2232 1202 2296 uir
1220 2232 1343 2316 doctus,

329 2321 421 2386 cuius
445 2321 590 2385 scholam
614 2317 726 2385 Cicero
755 2327 831 2405 poet
854 2322 999 2386 laborem
1023 2321 1087 2385 fori
1109 2321 1342 2403 frequentabat,
1359 2336 1383 2373 ¹⁵

329 2407 457 2475 Salios
490 2407 652 2472 Herculi
689 2408 801 2473 datos
837 2409 957 2492 probat
988 2409 1026 2473 in
1059 2430 1101 2474 eo
1134 2407 1342 2490 uolumine,

328 2519 392 2582 quo
429 2496 575 2580 disputat
612 2496 702 2579 quid
740 2498 793 2561 sil
824 2496 961 2581 fastra,
998 2495 1083 2581 quod
1117 2502 1168 2560 est
1200 2494 1341 2559 ostium

328 2584 587 2650 minusculum
608 2583 647 2646 in
666 2585 852 2668 sacrario,
875 2607 938 2668 quo
957 2585 1057 2649 narbo
1077 2584 1174 2648 etiam
1193 2582 1342 2646 Ennius

299 2675 406 2740 llnsus
425 2676 484 2738 est.
530 2672 662 2754 idoneis,
682 2675 718 2736 ut
736 2672 842 2757 crede,
862 2673 1047 2738 auctoribus
1067 2672 1227 2756 certisque
1245 2672 1341 2735 ratic

328 2763 426 2828 nibus
463 2783 566 2845 error,
604 2761 658 2845 qui
696 2762 886 2846 putabatur,
924 2767 1057 2847 uterque
1095 2761 1244 2825 defensus
1283 2767 1339 2824 est.
1356 2780 1382 2817 2⁰

327 2852 419 2938 siqua
437 2856 514 2918 sunt
532 2851 597 2915 alia
620 2872 701 2934 quae
725 2873 785 2916 nos
808 2856 1024 2936 commouent,
1048 2852 1079 2914 in
1105 2851 1245 2915 medium
1269 2872 1340 2934 pro·
1399 2881 1401 2884 ·

327 2941 483 3026 feramus,
511 2945 548 3005 ut
570 2941 642 3023 ipsa
665 2941 797 3006 collatio
822 2946 984 3025 nostrum,
1007 2963 1073 3005 non
1097 2939 1256 3023 Maronis,
1287 2941 1341 3003 nb·

328 3030 437 3096 soluat
460 3028 622 3094 errorem?

277 3122 319 3186 10
418 3118 508 3182 Tunc
535 3117 724 3200 Euangelus
754 3117 990 3203 ‘numquamne
1020 3119 1094 3202 tibi,
1124 3116 1341 3199 Praetentate,

329 3209 420 3273 uenit
442 3209 475 3273 in
499 3212 642 3272 mentem
665 3212 750 3292 toto,
775 3211 813 3273 ut
837 3208 941 3294 aiunt,
964 3209 1053 3274 caelo
1077 3228 1201 3272 errasse
1224 3203 1339 3288 Vergi·
1355 3225 1381 3263 2⁵

327 3296 418 3380 lium,
441 3319 514 3361 cum
533 3296 619 3362 Dido
638 3319 697 3362 ana
716 3319 783 3361 reni
803 3298 946 3362 diuinam
969 3320 1027 3381 pro
1051 3297 1174 3380 nuptiis
1198 3295 1340 3360 faceret?

399 3549 414 3596 6
434 3543 523 3613 eclog.
542 3542 594 3597 Vll
613 3549 645 3598 61

327 3671 514 3689 --Δ--κν-,ψ-
523 3680 540 3685 .-

398 3779 415 3827 1
438 3774 596 3855 ubertatem
619 3771 654 3826 ΒΙ
760 3781 776 3827 6
799 3789 934 3841 menippa
956 3774 989 3840 Ρ,
1013 3772 1179 3841 ta*(potest
1200 3771 1285 3835 fuisse
1309 3770 1340 3838 h)

326 3845 642 3970 liliinHffiirliiffSa
652 3844 959 3984 lborpqgllq’yqslffiaf
970 3915 991 3965 I
1000 3845 1045 3981 pm
1044 3860 1120 3967 tell?
1123 3841 1184 3965 adeB
1181 3840 1343 3965 611111168Βά1(ἐ

327 3986 471 4042 tebalder
491 3984 548 4039 ΒΡ
604 3993 633 4037 11
655 3986 750 4039 ectum
771 3987 798 4038 P
858 3990 889 4038 12
909 3984 1046 4038 salaribus
1062 3984 1089 4036 P
1141 3989 1174 4035 14
1193 3981 1340 4036 antonrnul

327 4056 430 4127 enrpho
450 4057 478 4110 P
550 4057 651 4124 curpho
670 4055 697 4109 B
772 4063 803 4109 16
823 4056 897 4109 scola
918 4056 945 4108 P
1018 4060 1048 4108 11
1069 4054 1173 4108 litora.
1195 4050 1233 4106 P‘
1306 4051 1340 4105 ru

326 4127 395 4184 festa
413 4127 440 4180 B
502 4125 782 4197 hostralmrnulculu
802 4128 835 4196 P,
855 4125 946 4181 nostin
968 4127 972 4197 l
993 4125 1195 4196 munullculnm
1213 4124 1240 4176 B
1306 4128 1338 4176 16

327 4217 382 4270 quo
401 4214 468 4268 argo
488 4195 523 4252 H
578 4197 697 4253 lienmus
712 4199 740 4252 P
792 4203 825 4252 16
845 4215 873 4252 in
893 4203 1014 4253 mentem
1035 4198 1115 4251 uenit
1133 4196 1160 4248 P
