3442 5190
773 807 825 862 Xll
843 811 930 863 8-111
1292 807 1358 872 533

349 974 456 1035 autem
478 969 630 1037 Liberum
653 973 780 1057 patrem
799 969 933 1056 Orphici
954 979 1040 1036 νοῦν
1057 969 1175 1036 ὑλικόν
1194 969 1358 1054 suspican-

348 1062 401 1124 tur
424 1059 584 1145 intellegi,
612 1060 669 1145 qui
697 1059 739 1125 ab
762 1059 820 1125 illo
844 1059 1011 1124 indiuiduo
1035 1063 1130 1125 natus
1154 1059 1190 1124 in
1213 1059 1358 1145 singulos

348 1148 417 1232 ipse
440 1147 604 1213 diuiditur.
646 1148 720 1215 ideo
743 1149 776 1213 in
800 1148 930 1214 illorum
949 1148 1049 1213 sacris
1068 1147 1208 1213 traditur
1225 1147 1356 1214 Titanio

348 1236 455 1302 lurore
477 1236 510 1300 in
534 1237 681 1302 membra
702 1237 881 1321 discerptus
905 1240 938 1301 et
956 1236 1069 1301 frustis
1091 1235 1228 1320 sepultis
1246 1257 1358 1302 rursus

322 1341 431 1390 sunus
460 1329 492 1390 et
515 1325 643 1410 integer
667 1327 849 1409 emersisse,
876 1325 1071 1409 quieveris,
1099 1347 1194 1408 quam
1218 1324 1359 1390 diximus

348 1418 489 1479 mentem
512 1414 629 1498 uocari,
652 1435 692 1478 ex
709 1414 877 1480 indiuiduo
895 1414 1080 1499 praebendo
1100 1435 1134 1479 se
1152 1413 1359 1479 diuidendum

348 1507 380 1567 et
397 1524 507 1568 rursus
527 1525 567 1568 ex
586 1503 692 1568 diuiso
712 1503 752 1567 ad
771 1502 971 1568 indiuiduum
990 1502 1181 1568 reuertendo
1201 1506 1235 1568 et
1248 1501 1358 1567 mundi

347 1591 451 1675 inplet
474 1592 582 1657 officia
605 1595 639 1658 st
660 1594 796 1657 naturae
814 1615 892 1657 suae
911 1614 1030 1657 areana
1047 1614 1113 1658 non
1132 1592 1260 1657 deserit.
1295 1591 1358 1657 hoc
1370 1589 1412 1656 13

348 1701 425 1766 crgo
447 1681 552 1766 primo
576 1681 717 1766 pondere
740 1681 779 1745 de
800 1681 932 1746 zodiaco
955 1684 989 1746 et
1006 1681 1112 1746 lacteo
1135 1680 1176 1746 ad
1196 1681 1359 1746 subiectas

311 1788 336 1828 1⁰
351 1792 450 1855 usque
473 1771 630 1856 sphaeras
653 1773 762 1836 anima
785 1770 928 1857 delapsu,
951 1770 1025 1836 duur
1050 1775 1083 1836 et
1105 1793 1162 1856 per
1185 1771 1259 1836 illas
1278 1769 1358 1835 labi-

349 1864 409 1943 tur,
431 1861 463 1925 in
488 1861 626 1948 singulis
650 1883 716 1928 non
740 1862 860 1945 solum,
882 1861 1006 1926 utiam
1030 1859 1184 1945 diximus,
1207 1859 1359 1926 luminosi

348 1950 492 2034 corporis
511 1951 663 2016 amicitur
683 1971 821 2032 accessu,
844 1950 899 2014 sed
918 1953 951 2015 et
969 1949 1115 2035 singulos
1135 1951 1255 2031 motus,
1278 1970 1359 2033 quos

348 2039 381 2101 in
410 2040 562 2104 exercitio
590 2043 641 2103 est
664 2039 829 2121 habitura,
858 2038 1020 2123 producit:
1048 2039 1082 2102 in
1106 2036 1238 2103 Saturni
1261 2037 1360 2103 ratio·
1372 2035 1415 2103 14

350 2126 544 2191 cinationem
587 2130 620 2190 et
661 2127 934 2211 intellegentiam,
975 2126 1059 2210 qnod
1100 2128 1290 2208 λογιστικόν
1328 2129 1362 2190 et

311 2228 336 2268 15
349 2217 554 2296 θεωρητικόν
578 2219 708 2280 uocant:
733 2215 766 2278 in
789 2214 878 2280 Iouis
901 2215 968 2278 uim
992 2213 1125 2300 egendi,
1149 2214 1234 2299 quod
1256 2233 1360 2299 πρακ-

349 2304 441 2365 τικόν
469 2302 600 2367 dicitur:
632 2304 665 2366 in
694 2301 810 2367 Martis
839 2302 1056 2368 animositatis
1084 2301 1246 2384 ardorem,
1274 2301 1361 2385 quod

349 2393 495 2474 θυμικόν
526 2395 742 2475 nuncupatur:
775 2392 809 2455 in
842 2391 921 2457 solis
954 2390 1113 2455 sentiendi
1140 2390 1360 2476 opinandique

350 2487 514 2564 naturam,
541 2482 625 2565 quod
653 2482 850 2565 αἰσθητικόν
878 2485 912 2545 st
935 2483 1159 2563 φανταστικόν
1182 2480 1359 2565 appellant:

350 2568 500 2635 desiderii
535 2592 612 2634 uero
649 2573 787 2655 motum,
824 2569 908 2653 quod
941 2567 1183 2652 ἐπυθυμητικόυ
1213 2572 1380 2653 uocetur,¹

311 2671 338 2711 ¹⁰
351 2658 387 2721 in
406 2656 557 2721 Veneris:
576 2658 807 2740 pronuntiandi
826 2664 859 2723 et
877 2657 1111 2741 interpretandi
1130 2679 1212 2741 qnae
1230 2657 1360 2740 sentiat,

350 2744 435 2827 quod
460 2741 694 2828 ἕρμηνευτικόν
717 2745 845 2830 dicitur,
867 2747 901 2809 in
925 2746 1002 2811 orbe
1025 2744 1190 2810 Mercurii:
1218 2746 1359 2827 φυτικόν

350 2853 442 2913 uero,
474 2832 506 2895 id
535 2836 586 2896 eet
611 2836 761 2896 naturam
791 2833 958 2915 plantandi
987 2836 1019 2897 et
1047 2832 1185 2916 augendi
1213 2854 1361 2916 corporo,

349 2920 383 2982 in
413 2918 561 3003 ingressu
587 2919 676 3003 globi
700 2920 822 2984 lunaris
845 2924 980 2985 exercet.
1027 2924 1060 2984 et
1083 2924 1133 2984 est
1154 2918 1248 3002 haee,
1276 2919 1359 2983 sicut
1373 2919 1414 2985 15

349 3028 369 3070 a
397 3006 515 3072 diuinis
543 3006 672 3089 ultime,
700 3008 747 3071 ita
773 3008 807 3071 in
835 3008 958 3072 nostris
982 3009 1185 3092 terrenisque
1208 3007 1359 3072 omnibus

308 3107 334 3149 ¹⁶
348 3095 465 3178 prime:
489 3117 606 3179 corpus
631 3095 716 3160 enirn
738 3095 814 3181 hoc,
842 3095 926 3162 sicut
948 3095 1022 3162 faex
1045 3118 1153 3161 rerum
1177 3094 1361 3161 diuinarum

422 3289 578 3343 1ΥΑΙΚοΝ
600 3289 628 3343 Ρ
680 3288 856 3360 ldrloaptnl
869 3284 905 3344 B'
961 3289 1156 3359 opraabendo
1175 3319 1209 3330 -
1228 3287 1363 3344 8deler1t

347 3358 436 3414 ultera
454 3374 541 3413 morsu
558 3361 662 3429 scriptu
681 3362 713 3414 ia
729 3361 758 3414 Β
833 3360 922 3415 tle*
940 3360 968 3413 P
1046 3359 1183 3430 8rmplet
1199 3359 1254 3414 ΡΒ
1328 3365 1361 3413 10

347 3462 442 3533 sperui
457 3465 485 3519 Β
555 3470 585 3520 11
606 3467 644 3521 ad
662 3466 793 3522 luminosi
811 3467 876 3522 odd.
895 3468 909 3520 1
925 3465 1058 3537 limosip
1124 3471 1156 3522 11
1175 3449 1361 3535 ldgrltrcondr

347 3538 542 3626 tlieorethrccn
559 3572 594 3642 Ρ,
613 3572 778 3643 longrltrcon
796 3573 826 3628 ot
839 3557 995 3630 thdretroon
1009 3575 1037 3629 Β
1094 3579 1126 3629 lt
1140 3572 1312 3645 peractrlcon
1326 3571 1361 3640 P,

347 3645 492 3712 practicen
509 3643 537 3697 B
620 3648 652 3698 17
672 3650 825 3715 tymmrcon
844 3645 878 3715 P,
897 3645 1032 3702 thrmrcon
1051 3646 1078 3700 Β
1162 3651 1195 3701 18
1212 3647 1316 3700 natura
1332 3643 1361 3696 B

383 3713 538 3786 elthetreon
558 3716 592 3784 P,
611 3714 765 3771 elthetrcon
784 3717 812 3770 Β
867 3718 1042 3787 pantaltrcon
1063 3717 1119 3771 ΡΒ
1174 3713 1301 3785 apellant
1321 3710 1359 3766 P'

348 3824 381 3873 19
400 3820 508 3874 motum
527 3837 577 3878 om.
596 3818 633 3876 B'
705 3789 907 3892 epitimetrcon
926 3823 959 3892 P,
978 3822 1209 3894 epythrlmctrcon
1227 3823 1255 3877 Β
1325 3825 1361 3875 20

347 3889 498 3946 sententiat
520 3895 600 3960 (corr.
620 3909 657 3948 ex
675 3893 839 3963 sententiat)
858 3894 886 3948 Β
993 3899 1027 3948 11
1048 3894 1276 3949 hermeneutscon
1298 3891 1361 3960 PB,

347 3962 444 4016 deinde
462 3967 580 4017 uocatur
597 3962 625 4017 Β
727 3963 859 4019 Phrtrcon
877 3966 911 4032 P,
930 3964 1066 4034 phyticon
1085 3966 1126 4020 B:
1143 3970 1207 4034 post
1245 3964 1361 4031 hyucou

346 4033 468 4101 sequitur
491 4034 524 4087 ia
545 4034 573 4086 Β
596 4033 710 4102 frigoris
729 4034 776 4089 uel
800 4035 902 4091 calorii
911 4035 954 4161 §11
974 4039 1003 4104 t,
1031 4039 1088 4105 10);
1116 4051 1183 4089 uero
1207 3983 1243 4088 id
1261 4034 1302 4088 eit
1327 4064 1360 4072 -

348 4102 370 4168 (l
391 4109 432 4168 lo,
451 4104 497 4170 14)
516 4102 613 4158 ltellal
627 4105 746 4160 retertur
764 4123 814 4162 om.
834 4105 862 4159 Β
880 4108 911 4162 ui
932 4107 1045 4177 ‚praefi
1128 4113 1162 4161 21
1181 4122 1248 4160 uero
1266 4121 1316 4160 om.
1337 4102 1366 4157 P

348 4179 382 4228 24
400 4174 528 4228 ultimam
548 4180 580 4230 ut
597 4176 657 4230 uid.
675 4172 712 4230 P'
